3262 5226
135 350 224 447 ,³⁵4
377 324 411 357 ’“
697 364 868 423 senuna
887 364 1038 420 wicun
1213 342 1296 436 [cat-
1311 355 1365 407 xv·

374 521 537 609 acquirere
557 542 694 607 regnam
716 536 873 589 nmmum
895 520 939 586 Et
958 520 1045 585 idem
1066 534 1115 585 est
1141 517 1298 585 iudicium
1325 516 1367 581 de
1378 532 1440 605 ηε·
1453 534 1480 589 ‘r

155 638 220 687 ‘ran
235 637 259 685 t·
274 626 531 695 momnibus
558 626 629 695 eliis
650 626 754 717 regnis
782 626 906 693 mundi.
935 626 979 691 Et
1007 622 1199 711 possibilius
1232 619 1367 689 minoris

164 742 230 791 nu·
241 690 368 803 ‚Yam
375 744 466 821 petet
486 730 667 819 tripliciter:
687 732 798 799 Primo
828 752 868 797 ex
887 728 951 797 lroc
964 726 987 776 *
999 729 1098 816 quod:
1120 727 1223 793 teliter
1251 727 1368 813 ligatus
1382 736 1472 809 178¹t

186 794 338 947 &suff
376 848 426 903 est
445 854 501 901 rex
521 834 683 901 lohennes
703 856 780 901 cum
799 854 900 923 regno
920 834 972 923 (ut
998 829 1125 921 dicitur)
1148 832 1257 919 quoad
1280 829 1368 897 mille

328 912 338 959 ³
376 958 510 1023 merus,
541 951 574 1004 et
599 938 688 1007 idem
707 939 863 1008 iudicium
886 954 934 1006 est
954 939 995 1004 de
1016 952 1097 1004 toto.
1130 936 1281 1005 Secundo
1311 948 1397 1021 pert

376 1043 441 1109 lroc
476 1041 568 1129 qnod
603 1042 698 1111 multi
736 1044 871 1111 caedum
904 1064 1023 1130 papem
1059 1043 1173 1108 debere
1208 1039 1368 1107 dominari

158 1168 181 1205 ²·
193 1158 233 1205 ὓ·
245 1170 357 1218 urna·
377 1147 559 1213 seculariter
584 1160 617 1215 et
638 1148 812 1235 cepitsliter
833 1149 892 1215 toti
913 1147 1050 1229 mundo,
1081 1166 1140 1213 nec
1172 1145 1252 1211 verti
1275 1145 1369 1210 debet

131 1288 137 1301 ·
158 1210 412 1363 κηαᾚιρξῖῳῗαίη
425 1249 563 1317 dubium
576 1250 655 1340 quin
670 1272 724 1317 res
749 1265 782 1317 et
801 1272 936 1339 regnum
956 1264 1089 1338 possent
1107 1249 1249 1337 obligere
1270 1270 1306 1313 se
1327 1249 1369 1313 ed

311 1347 320 1372 '
376 1368 500 1421 emtam
521 1354 732 1422 elemosinam
752 1371 951 1443 perpetuum.
983 1356 1046 1423 Sed
1068 1355 1119 1421 cui
1196 1375 1264 1420 non
1286 1374 1370 1440 pape
1477 1394 1481 1400 -

376 1456 435 1546 qui
455 1472 562 1545 potest
580 1458 822 1539 absolucionem
843 1475 876 1528 et
893 1459 1169 1547 dispensacionem
1189 1478 1287 1545 supet
1306 1458 1370 1524 isto
1382 1485 1413 1526 ιο

376 1561 438 1627 soli
447 1562 598 1629 Romano
612 1561 758 1649 pontifici
771 1550 946 1631 reservare?
958 1563 1012 1631 Sic
1026 1562 1113 1628 enim
1129 1562 1206 1628 dicit
1227 1583 1260 1628 se
1275 1583 1371 1648 posse

377 1665 563 1753 restringere
577 1680 751 1754 potestates
765 1666 905 1734 ιΙινίιιω
926 1668 967 1732 de
980 1667 1178 1755 plenitudine
1192 1665 1369 1753 potestatis.

160 1782 370 1883 effluentes
379 1771 497 1837 Tettio
511 1770 718 1837 confirmetur
733 1792 792 1859 per
804 1772 868 1838 hoc
881 1770 970 1858 quod
986 1771 1056 1857 ipse
1069 1771 1166 1837 habet
1178 1784 1401 1857 potestateme

169 1888 248 1935 vute
261 1848 362 1935 llil&
378 1874 743 1962 incomprehensibilem,
769 1874 822 1941 cui
848 1896 915 1941 non
939 1874 1014 1941 licet
1042 1874 1122 1953 lines
1142 1895 1272 1962 ponere,
1295 1875 1371 1962 quie

166 1940 362 2071 &lla-„W
379 1992 459 2044 tune
473 1976 696 2061 formidamus
714 1994 806 2063 eset,
828 1980 856 2045 st
877 1980 998 2047 acme
1011 1979 1128 2047 nmtte
1141 1980 1320 2066 potants,
1340 1994 1372 2046 et
1385 1993 1414 2049 ιε

379 2080 530 2148 titubaret
564 2081 643 2148 lide·
680 2084 721 2149 de
756 2096 913 2169 potestate
948 2083 1098 2167 clavium,
1133 2100 1167 2150 et
1204 2083 1372 2151 manifeste

378 2200 565 2273 sequeretur
585 2188 774 2274 oppositum
802 2187 923 2254 erdculi
950 2188 1077 2254 noviter
1096 2188 1290 2272 cetholicati
1311 2184 1374 2254 sei4

378 2290 452 2357 licet
473 2286 565 2378 quod
585 2312 653 2357 non
675 2312 716 2358 eo
736 2292 808 2379 ipso
829 2313 896 2380 quo
918 2293 1077 2381 pretendit
1097 2314 1131 2358 se
1152 2292 1373 2380 quovismodo

380 2394 503 2460 solvere
525 2394 576 2461 vel
597 2395 704 2482 ligure,
725 2416 766 2462 eo
787 2396 860 2484 ipso
880 2396 926 2463 sic
947 2397 1044 2464 solvit
1064 2397 1115 2464 rel
1135 2397 1222 2484 liget.
1403 2386 1413 2395 ³

425 2498 463 2564 ln
501 2499 580 2565 tales
612 2499 749 2566 insenius
787 2499 982 2568 inducuntur
1016 2501 1118 2589 ignari
1157 2502 1299 2588 episcopi
1342 2515 1411 2570 etv

383 2582 533 2669 doctores
554 2602 704 2669 facientes
725 2603 870 2692 ydiotam
883 2607 1007 2673 credere
1022 2609 1112 2695 quod
1125 2621 1233 2694 potest
1246 2620 1374 2679 tantum

384 2704 486 2773 iecere
522 2708 556 2773 in
589 2707 719 2773 ecclesie
750 2709 833 2776 sicut
859 2708 1012 2777 Christus
1051 2712 1146 2778 Unde
1167 2711 1375 2797 episcopus

185 2825 359 2873 nummos
383 2809 582 2878 Rollensis
613 2811 712 2879 dixit
749 2814 841 2879 mihi
880 2814 917 2879 in
948 2814 1104 2900 publico
1134 2817 1374 2901 parlamento
1505 2824 1510 2831 '

181 2877 362 2977 ‘bimi‘
384 2916 602 2981 stomachante
617 2917 729 3001 spiritu
744 2919 832 3004 quod
848 2918 1070 2984 conclusiones
1085 2940 1154 2983 mee
1170 2934 1246 2985 sunt
1261 2922 1374 3006 damp-

383 3034 467 3103 nate,
498 3021 581 3086 sicut
603 3020 803 3087 testificatum
826 3037 874 3087 est
894 3022 953 3086 sibi
985 3024 1024 3086 de
1056 3021 1142 3087 curia
1172 3038 1229 3107 per
1259 3024 1417 3095 instro-25

383 3138 532 3188 mentum
569 3126 695 3193 notarii.
736 3129 776 3193 Et
812 3126 917 3191 visum
954 3140 1000 3192 est
1042 3127 1153 3191 multis
1188 3123 1294 3212 quod'
1316 3128 1377 3193 fuit

384 3228 518 3293 assertio
534 3228 709 3313 indiscrete,
718 3230 824 3316 primo
833 3230 908 3315 quia
917 3232 1063 3315 vergebat
1078 3231 1118 3294 ad
1134 3231 1220 3296 curie
1230 3234 1399 3301 Romaner

384 3331 647 3416 destruccionem,
678 3336 819 3399 secundo
849 3335 923 3420 quia
945 3334 1128 3420 implicabat
1158 3334 1241 3420 regis
1275 3335 1406 3406 nostrin

385 3450 417 3501 et
439 3437 526 3522 regni
552 3439 866 3521 scandalizacionem,
896 3455 928 3505 et
956 3439 1052 3504 tercio
1082 3439 1159 3524 quie
1189 3440 1407 3510 ostendebata

385 3538 436 3603 sui
459 3556 490 3605 et
505 3539 638 3607 ltntrum
652 3563 784 3608 suorum
796 3557 1039 3607 consentaneum
1054 3542 1277 3627 suspicionem
1302 3544 1421 3613 Non30

387 3630 474 3707 enim
496 3658 563 3709 tam
585 3644 744 3731 signanter
765 3646 924 3712 mitterent
947 3645 1055 3711 iratres
1085 3647 1153 3711 eius
1175 3646 1235 3710 sibi
1258 3647 1377 3711 dictem

387 3747 665 3833 dampnacionem,
701 3750 760 3814 nisi
798 3751 1021 3836 applaudendo
1067 3751 1108 3815 de
1155 3749 1239 3815 lacto
1287 3750 1377 3814 cuius

388 3864 521 3938 utraque
555 3875 627 3941 pars
658 3853 738 3921 loret
776 3870 886 3921 auctor
916 3855 965 3918 vel
1002 3853 1116 3936 fautor,
1152 3873 1210 3918 nec
1241 3852 1378 3918 dubium

387 3953 467 4041 quin
504 3971 605 4023 stante
636 3959 759 4024 iusticia
794 3959 877 4025 dicte
907 3957 1148 4043 dampnacionis
1184 3977 1261 4023 cum
1293 3956 1378 4021 lacto
1477 4050 1482 4061 ι
1515 4012 1521 4024 .

428 4242 446 4276 t.
460 4230 492 4277 lla
506 4229 701 4278 idemlediclnm.
780 4229 811 4277 tl.
826 4228 859 4275 td.
873 4228 903 4274 ts
917 4227 1165 4277 Poteststlstlttberst.
1244 4238 1282 4284 ²4.
1295 4227 1378 4287 ΑΑμ

390 4301 570 4348 stenselsedo.
673 4297 709 4347 ³3.
721 4301 745 4347 Α
757 4298 782 4346 ln
796 4309 884 4356 aterna
898 4296 1035 4345 cerrima.
