3262 5226
869 435 1201 489 ronauutswrcttr.
1406 411 1538 504 [etan.

561 598 692 681 rigavit,
725 595 783 658 sed
806 595 894 658 Deus
925 594 1160 657 incrementum
1191 594 1287 673 dedit,
1319 607 1351 656 et
1383 592 1538 676 sequitur:
1554 605 1626 659 15⁶⁴:

561 701 625 765 Dei
647 700 811 763 adiutores
836 717 958 776 suerrus,
993 698 1058 761 Dei
1089 701 1298 783 agricultura
1332 699 1419 761 estis.
1458 696 1539 758 lllud

561 820 675 869 autem
698 824 799 888 genus
831 818 994 886 pastorum
1029 802 1180 866 dividitur
1210 800 1241 864 in
1273 803 1352 865 duas
1390 794 1541 885 personas

560 930 698 996 quorum
721 908 804 971 filius
826 906 882 970 Dei
905 922 1083 971 assumetur
1104 909 1144 970 ad
1160 906 1389 980 beatitudinem
1411 921 1441 969 et
1457 905 1541 969 filius

560 1014 674 1078 diaboli
691 1012 884 1096 relinquetur
898 1013 938 1074 ad
950 1011 1225 1095 dampnacionem.
1244 1011 1303 1073 Ista
1314 1026 1421 1074 autem
1436 1011 1566 1092 logicas

559 1132 605 1181 est
628 1116 799 1180 rectissima
827 1118 882 1179 sed
906 1114 1048 1198 confusa,
1080 1117 1155 1199 quia
1187 1117 1370 1199 ignoramus
1399 1131 1480 1202 quot
1510 1128 1540 1177 et

560 1222 614 1306 qui
637 1223 828 1286 descendent
850 1223 889 1284 ad
912 1220 1030 1286 inleros
1053 1224 1101 1286 vel
1125 1222 1305 1285 ascendent.

355 1337 536 1452 ”mags
603 1326 813 1390 Secundum
805 1347 925 1409 argum,
949 1326 1077 1410 signans
1092 1326 1279 1390 infirmiores
1294 1326 1428 1389 activam
1443 1325 1572 1392 vitame

344 1423 476 1504 rustice
451 1455 503 1548 'Hp
512 1454 552 1486 ae·
561 1433 723 1513 ducentes,
754 1431 911 1514 signanter
933 1431 1118 1515 exprimitur
1141 1453 1197 1516 per
1222 1431 1376 1494 terminos
1398 1429 1542 1493 feminini

392 1497 458 1541 Μ
477 1507 503 1539 ⁸
560 1536 698 1621 generis;
736 1535 863 1599 molaris
901 1535 1029 1598 inferior
1064 1551 1110 1599 est
1146 1551 1226 1599 terra
1262 1557 1359 1619 quam
1395 1534 1541 1613 colimus,
1556 1564 1585 1599 ιο

562 1642 717 1726 recipiens
749 1640 889 1725 undique
920 1654 1102 1705 constanter
1132 1643 1310 1704 secundum
1332 1634 1542 1702 variacionem

560 1745 668 1830 anguli
692 1745 886 1809 incidentalis
907 1760 939 1811 et
963 1745 1138 1809 reflexionis
1159 1745 1362 1809 inflacnciam
1378 1743 1543 1807 celestium

561 1851 732 1914 radiorum.
766 1850 894 1913 Molaria
920 1852 1036 1914 autem
1051 1852 1197 1936 superior
1218 1851 1271 1935 qui
1296 1850 1384 1933 pigre
1407 1849 1543 1912 circum-

560 1955 685 2019 ducitur
694 1969 741 2017 est
753 1976 842 2039 spera
858 1954 1033 2036 celestium
1044 1957 1094 2019 cui
1106 1955 1199 2019 activi
1211 1954 1366 2018 molentes
1376 1967 1543 2037 preparant

560 2076 637 2124 terre
670 2060 834 2124 nascencia
866 2074 896 2124 et
929 2060 991 2123 alia
1017 2061 1114 2123 mixta
1144 2059 1317 2123 inanimata
1354 2059 1417 2123 sive
1445 2058 1584 2125 anili-15

560 2164 648 2228 cialia
664 2165 730 2228 sive
746 2165 895 2229 naturalia
911 2166 1081 2250 dequibus
1098 2180 1145 2231 est
1161 2164 1342 2249 negociacio
1354 2163 1540 2227 activorum.

560 2270 674 2334 Celum
709 2269 796 2334 enim
827 2291 882 2333 sua
914 2269 1121 2334 circulacione
1145 2269 1301 2334 ministrat
1323 2270 1385 2332 illis
1414 2281 1542 2352 tempus

560 2391 590 2439 et
619 2396 731 2439 auram
762 2395 798 2438 ac
829 2373 1000 2458 unicuique
1024 2375 1071 2438 sui
1099 2373 1222 2459 generis
1251 2375 1540 2458 complementum;

560 2501 634 2543 cum
673 2493 781 2542 autem
820 2479 922 2562 gracia
957 2479 1095 2543 hominis
1137 2480 1242 2543 celum
1285 2477 1541 2557 circumducitur,

560 2585 720 2668 signanter
741 2583 853 2648 dicitur
874 2583 995 2648 activus
1018 2587 1138 2648 molere
1161 2584 1193 2647 in
1218 2583 1362 2667 pistrino.
1395 2625 1403 2645 .
1553 2613 1586 2649 ιο

367 2685 541 2739 saeui-ave
603 2688 753 2752 Tercium
786 2709 860 2752 vcro
895 2687 1007 2773 iugum
1045 2704 1090 2752 est
1128 2688 1364 2773 quiescencium
1401 2689 1440 2750 ab
1475 2686 1570 2754 istiso

341 2745 686 2856 δ11ἒ111101ῐῖ110ι1ιιοὶουε
709 2791 832 2874 officiis,
864 2793 928 2856 sive
962 2793 1024 2856 sint
1047 2792 1148 2856 clerici
1181 2792 1446 2876 contemplantes,
1477 2790 1543 2853 sive
1621 2849 1625 2857 .

362 2850 435 2894 seseve
448 2851 533 2895 Μ’.
560 2897 732 2980 promiscui
724 2896 986 2981 deprecantes,
964 2919 1026 2959 stve
1039 2898 1193 2960 seculares
1203 2895 1344 2959 domini
1337 2909 1541 2979 imperantem

560 3022 671 3064 omnes
694 3001 780 3064 enim
804 3002 879 3065 tales
900 3001 1068 3085 quiescunt
1090 3002 1122 3063 in
1147 3002 1229 3064 lecto
1252 2998 1301 3086 (ut
1325 3015 1411 3083 patet
1431 2999 1541 3063 Canti-

560 3127 669 3169 corum
686 3105 766 3192 111⁰),
790 3120 821 3170 et
841 3121 915 3171 sunt
930 3108 1026 3169 ambo
1043 3105 1125 3189 iuga,
1149 3120 1185 3169 ut
1200 3105 1341 3189 primum
1364 3106 1540 3167 secundum
1554 3117 1585 3168 25

562 3211 863 3295 predestinacionem
897 3225 927 3274 et
959 3209 1183 3295 prescienciam
1214 3229 1249 3272 ac
1285 3207 1412 3271 finalem
1436 3230 1542 3292 perse-

560 3316 738 3378 veranciam
773 3328 805 3378 et
843 3314 969 3378 finalem
1001 3313 1247 3397 inpenitenciam
1283 3313 1430 3397 bipertiti,
1467 3333 1543 3375 cum

560 3422 648 3482 ibunt
665 3421 710 3484 ltii
725 3422 758 3484 in
774 3421 967 3503 supplicium
984 3431 1141 3500 eternum,
1158 3420 1235 3483 iusti
1255 3432 1363 3482 autera
1389 3420 1421 3482 ia
1445 3421 1541 3507 vitam

560 3536 703 3590 eternam
729 3527 779 3610 (ut
801 3525 914 3588 dicitur
935 3524 1065 3588 Matthei
1088 3525 1201 3604 XXV0,
1223 3522 1290 3608 46).

604 3632 643 3693 Et
666 3629 807 3693 raciones
823 3629 969 3692 omnium
992 3629 1126 3692 istorum
1149 3643 1224 3693 sunt
1240 3628 1331 3691 nobis
1346 3628 1570 3707 absconditae

560 3732 608 3817 (ut
624 3734 746 3798 dictum
762 3747 809 3796 est
819 3781 827 3796 .
839 3781 846 3795 .
857 3781 864 3796 .
877 3783 884 3798 .
895 3731 1059 3816 capitulo).
1072 3734 1155 3794 Nam
1170 3746 1323 3796 secretum
1339 3730 1444 3794 divine
1456 3731 1541 3794 ordi·

563 3837 703 3901 nacionis
726 3837 792 3900 dies
816 3851 920 3900 nostre
945 3836 1057 3900 mortis
1085 3850 1116 3900 et
1137 3837 1204 3900 dies
1227 3835 1363 3899 finalis*
1379 3835 1616 3914 ἀὶνῐεὶοηὶειόγ·

561 3939 631 4004 ideo
654 3955 729 4005 sunt
751 3962 770 4003 a
792 3941 977 4004 mortalibus
998 3939 1157 4021 occultati,
1181 3955 1216 4004 ut
1239 3960 1296 4002 nec
1319 3960 1544 4024 presumamus

599 4174 621 4220 9.
637 4161 700 4207 AB:
714 4161 837 4218 Exprlmlt.
928 4174 962 4216 rr.
976 4159 1075 4220 rperrl.
1089 4173 1111 4206 e.
1125 4160 1234 4220 sphaera.
1341 4129 1425 4217 tola
1440 4159 1542 4204 elreuar·

558 4230 642 4275 ciditar
655 4231 756 4276 correxit
769 4231 793 4275 la
806 4230 996 4277 circumducitur.
1121 4231 1158 4278 ³0.
1172 4233 1208 4276 Ar
1239 4230 1272 4276 lir.
1291 4229 1306 4274 d
1321 4229 1344 4274 ln
1359 4239 1434 4285 marg.
1467 4228 1542 4273 deest.

560 4298 723 4415 {pcpgppgrus
737 4299 831 4356 capitali
845 4297 868 4343 ln
877 4300 945 4345 codd.
962 4300 1034 4345 deest.
1055 4298 1080 4344 la
1094 4300 1178 4395 cedda
1192 4299 1285 4346 lacuna.
1391 4295 1420 4343 ³1.
1436 4296 1466 4340 111
1482 4296 1543 4344 aaa
