3262 5226
699 466 870 519 ιοιιιιιιιιε
887 464 1035 517 wreus.
1256 441 1371 534 [eam

379 624 455 688 liber
479 623 612 688 aliorum
633 635 819 686 sanctorum
833 619 1120 706 proporcionaliter
1134 618 1177 683 ad
1192 617 1372 702 analogiam
1384 630 1446 686 ι3ι·
1462 631 1485 686 8

379 727 504 792 virtutis
525 746 582 790 sue
605 741 637 791 et
658 725 860 811 proprietatis
882 723 1017 788 membri
1041 722 1213 807 corporalis
1237 735 1373 806 estpars

207 845 323 906 emm.
381 846 487 897 sancte
518 830 627 896 matris
658 829 798 895 ecclesie.
836 829 930 895 Unde
963 828 1075 892 beatus
1109 827 1284 944 Gregorius
1313 827 1373 892 Νο

380 934 551 1001 Moralium
587 955 657 1019 cap.
680 934 798 998 XXXII
831 946 934 997 narret
966 930 1136 1018 quomodo
1168 951 1186 994 a
1213 929 1372 1036 principio

161 1053 371 1164 orrmrnnpes
381 1040 494 1104 mundi
518 1040 604 1103 Deus
635 1038 792 1103 ordinavit
819 1057 936 1121 sponse
962 1057 1019 1100 sue
1041 1035 1234 1120 patriarchas
1257 1055 1371 1099 secun·
1382 1044 1397 1099 5

173 1106 363 1221 'lb‘irlisslll
381 1145 460 1207 dum
491 1143 647 1207 virtutum
678 1142 831 1228 principia
862 1156 1030 1227 tamquam
1059 1142 1203 1205 membra
1225 1140 1372 1205 radicalia

161 1210 371 1320 Qiiul'm
381 1247 510 1313 ecclesie
542 1247 717 1327 inserenda,
750 1260 786 1311 ut
816 1261 905 1332 patet
931 1246 1007 1310 de
999 1246 1186 1311 innocencia
1207 1245 1301 1326 Abel,
1332 1244 1373 1308 de

380 1350 542 1416 mundicia
563 1349 687 1433 Enoch,
718 1351 758 1415 de
779 1350 800 1396 *
822 1350 1009 1414 castimonia
1031 1350 1190 1435 coniugali
1214 1349 1310 1431 lsaac,
1331 1349 1446 1412 de13r⁸

379 1455 548 1521 tolerantia
569 1456 676 1538 Jacob,
708 1457 747 1520 de
772 1476 830 1540 spe
850 1456 931 1537 Noe,
959 1456 998 1518 de
1025 1454 1210 1519 obediencia
1232 1453 1371 1537 Abrahe,

354 1557 361 1570 '
380 1560 421 1623 de
442 1559 601 1644 paciencia
614 1560 685 1641 lob,
707 1560 747 1622 de
762 1558 903 1624 castitate
917 1559 1047 1642 loseph,
1070 1559 1110 1622 de
1126 1557 1372 1624 mansuetudine
1384 1585 1416 1624 ιο

381 1665 498 1751 Moysi,
519 1664 558 1727 de
580 1662 696 1728 fiducia
716 1665 823 1745 Josue,
845 1664 885 1727 de
906 1662 1086 1729 humilitate
1103 1663 1215 1747 David,
1237 1664 1279 1727 de
1300 1663 1371 1727 zelo

380 1768 494 1855 Helye,
516 1784 548 1833 et
569 1768 613 1833 sic
637 1767 843 1832 discurrendo
866 1789 923 1853 per
936 1789 1050 1831 omnes
1065 1768 1185 1853 species
1200 1768 1372 1851 virtutum3

377 1894 442 1958 que
473 1873 650 1937 secundum
686 1886 802 1936 etatem
836 1872 933 1938 seculi
966 1872 1148 1937 habuerunt
1178 1870 1210 1935 in
1243 1892 1371 1936 excessu

347 1979 349 1982 ’
378 1977 510 2041 notabili
531 1977 656 2061 aliquos
674 1977 864 2062 patriarchas
879 1998 992 2041 eorum
1007 1975 1164 2062 principia
1179 1975 1213 2039 in
1228 1996 1372 2062 quorum

377 2081 501 2145 labores
528 2101 667 2167 sponsus
693 2081 850 2146 ordinavit
870 2096 1017 2166 posteros
1040 2082 1156 2146 intrare
1185 2078 1236 2167 (ut
1258 2080 1415 2150 dicitur15

377 2185 530 2251 lobannis
547 2184 631 2272 ΝΟ).
655 2187 720 2250 Nec
742 2186 848 2251 solum
870 2186 922 2251 isti
945 2187 1000 2251 sed
1023 2206 1138 2250 omnes
1161 2206 1277 2250 eorum
1298 2185 1372 2249 imi·

380 2291 514 2355 racionis
535 2288 590 2353 filii
611 2305 687 2355 sunt
706 2291 819 2354 eadem
834 2293 977 2355 membra
993 2305 1101 2355 sancte
1116 2291 1228 2354 matris
1243 2289 1373 2355 ecclesie

380 2395 481 2480 quod,
507 2394 532 2458 si
559 2394 654 2459 alicui
680 2394 761 2459 desit
782 2395 905 2460 virtutis
927 2394 1084 2477 officium,
1117 2395 1216 2460 deerit
1239 2395 1371 2459 sibim·

159 2512 370 2610 Jemnop
381 2499 476 2563 dubie
490 2498 579 2584 quod
593 2498 634 2562 sit
649 2514 755 2564 sancte
770 2499 879 2564 matris
894 2500 1024 2564 ecclesie
1038 2502 1230 2565 membmm
1255 2499 1372 2564 Nullus

159 2576 257 2660 linuit
238 2574 487 2715 chudie‘irautem
503 2623 615 2668 eorum
630 2624 774 2689 unquam
790 2606 984 2722 presumpsit
998 2604 1102 2669 dicere
1114 2606 1203 2691 quod
1218 2604 1259 2669 sit
1273 2617 1371 2689 caput
1382 2632 1416 2670 ιο

379 2707 582 2771 etdominus
605 2708 713 2772 matris
736 2728 802 2789 sue,
825 2709 900 2794 quia
921 2709 1112 2792 indubie,
1087 2731 1113 2772 ει
1136 2709 1251 2796 aliquis
1269 2710 1371 2773 bomo

378 2811 420 2876 sit
450 2826 545 2895 caput
574 2812 679 2877 tocius
708 2813 831 2898 generis
862 2813 1023 2878 christiani
1057 2813 1161 2900 (quod
1188 2827 1236 2878 est
1263 2826 1372 2877 sancta

370 2920 480 2979 'mater
509 2913 665 3002 ecclesia),
703 2929 779 2980 tunc
811 2917 879 3000 ipse
910 2932 957 2983 est
986 2917 1144 3000 Christus,
1175 2918 1251 3004 quia
1283 2918 1372 2981 solus

380 3018 524 3083 Christus
546 3036 595 3085 est
618 3020 713 3084 huius
727 3021 943 3105 generationis
958 3023 1170 3108 principium3
1193 3022 1246 3085 alii
1262 3036 1372 3088 autem

380 3123 412 3186 in
435 3125 504 3209 ipso
527 3140 601 3189 sunt
616 3125 774 3211 palmites.
799 3128 932 3191 Necesse
947 3148 1023 3214 ergo
1039 3144 1086 3193 est
1101 3128 1199 3192 hodie
1215 3127 1371 3193 seminare
1383 3139 1415 3193 25

380 3229 473 3293 istam
501 3228 597 3292 fidem
625 3230 764 3311 ecclesie,
797 3251 871 3294 cum
894 3231 986 3295 multi
1010 3253 1048 3295 ex
1072 3231 1255 3316 ignorancia
1277 3252 1368 3296 occa·

379 3334 468 3398 sione
498 3334 580 3398 male
612 3349 750 3419 accepta,
783 3335 972 3399 dormiendo
1004 3337 1037 3399 in
1066 3350 1161 3400 nocte
1187 3336 1372 3421 ignorancie

380 3453 516 3502 uruntur
545 3452 693 3503 asancta
726 3453 825 3503 matre
857 3439 988 3504 ecclesia
1019 3462 1084 3527 que
1111 3455 1159 3506 est
1180 3440 1313 3525 pulchra
1336 3457 1373 3506 ut

379 3542 464 3608 luna.
504 3544 647 3607 Umntur
677 3543 750 3606 dico
781 3544 959 3607 secundum
991 3542 1176 3608 inferiorem
1204 3546 1373 3610 hominem

380 3646 530 3729 pravitate
552 3646 698 3730 heretica,
725 3648 800 3732 quia
822 3669 936 3713 omnes
960 3649 1016 3735 qui
1044 3650 1169 3714 dicunt:
1195 3650 1283 3715 Ecce
1305 3654 1417 3730 himo

380 3760 410 3813 et
437 3770 511 3814 ecce
541 3752 611 3816 illic
637 3763 684 3815 est
714 3752 865 3818 Christus
892 3768 989 3839 caput
1011 3753 1153 3836 ecclesie,
1175 3754 1282 3819 solum
1304 3755 1373 3820 eius

379 3852 531 3918 ricarium
553 3855 814 3925 demonstrantes.

425 4038 471 4084 Μ.
481 4039 631 4098 lior.erp.1
645 4042 669 4086 ln
683 4040 868 4087 coddcorrexi.
883 4041 930 4086 ΑΒ
944 4043 968 4087 ln
984 4053 1063 4097 maror
1078 4041 1218 4098 Gregorius.
1280 4047 1302 4092 6.
1311 4046 1372 4093 aas

380 4108 510 4153 mendum
525 4109 598 4155 deest.
665 4124 688 4168 9.
697 4112 810 4168 ronst
825 4110 855 4157 de
867 4110 994 4169 spe-lob
1008 4111 1082 4157 deest.
1137 4110 1206 4160 ems
1223 4126 1272 4174 quo
1286 4127 1373 4162 secun·

379 4175 445 4222 dum.
493 4177 793 4238 innumerosorum.
842 4179 994 4241 18.19.B=in
1009 4181 1090 4227 dubio.
1142 4182 1217 4229 aaliz
1232 4185 1373 4243 prescripsit

381 4243 468 4291 dicere.
534 4257 565 4292 ar.
579 4247 609 4294 Be
624 4248 649 4296 ln
664 4249 745 4296 dublo.

427 4387 450 4440 3.
468 4388 548 4456 Greg.
566 4391 639 4460 Opp.
658 4391 677 4458 1,
699 4392 755 4446 132.
835 4392 877 4448 ³1.
895 4394 961 4446 Luc.
978 4391 1057 4459 XVH,
1077 4393 1119 4446 23.
