3262 5226
705 599 880 658 ronanus
895 600 1044 655 wrcutr.
1220 571 1365 667 [canan.

794 1070 888 1135 CAP.
904 1068 971 1138 vn.

157 1276 374 1325 necopinum
428 1244 649 1311 Convenimus
672 1265 712 1309 ex
733 1244 886 1308 mandato
909 1242 1032 1307 domini
1050 1242 1130 1327 regis
1145 1241 1185 1304 ad
1200 1240 1373 1317 dicendum
1386 1235 1447 1303 ¹⁴8⁸
1458 1236 1486 1290 Α

183 1330 374 1429 „⁶393ssss
383 1328 561 1414 secundum
597 1348 705 1413 videre
742 1362 890 1413 nostrum
931 1348 1096 1413 veritatem
1118 1347 1151 1410 iu
1169 1365 1242 1409 casu
1280 1342 1372 1408 nobis

155 1432 375 1533 demovet&
384 1453 530 1539 exposito
552 1453 592 1516 nd
615 1453 776 1517 honorem
803 1451 872 1535 Dei,
899 1454 940 1515 ad
977 1450 1157 1537 proiectum
1185 1448 1315 1514 ecclesie
1342 1462 1397 1519 ets

249 1549 289 1583 '¹⁸’
384 1559 422 1621 ad
445 1557 699 1623 stabilimentum
722 1577 914 1642 prosperum
935 1555 1023 1642 regni
1047 1554 1157 1636 nostri,
1180 1569 1213 1618 et
1235 1553 1293 1618 hec
1314 1553 1373 1617 tria

382 1660 415 1726 in
447 1676 583 1727 tractatu
610 1676 722 1728 nostro
753 1682 788 1725 se
818 1661 956 1727 invicem
990 1673 1238 1746 consequuntur.
1271 1657 1372 1741 Cusus

383 1781 491 1831 autem
513 1765 607 1831 nobis
629 1765 795 1851 expositus
821 1765 855 1830 in
886 1765 1081 1851 compendio
1112 1764 1172 1830 tuit
1202 1764 1274 1829 iste:
1298 1765 1372 1829 Duo

381 1870 439 1934 viri
476 1890 651 1953 armorum,
688 1869 838 1934 homines
853 1866 872 1905 ⁸
886 1870 961 1953 legii
994 1868 1076 1955 regis
1112 1860 1371 1935 nostri‘luemnt
1385 1878 1445 1950 148·

382 1974 603 2039 inobedientes
625 1973 690 2059 regi
714 1986 746 2037 et
768 1973 890 2058 legibus
921 1972 997 2054 suis,
1025 1989 1056 2038 et
1088 1993 1144 2058 per
1173 1994 1370 2060 consequens
1384 2001 1415 2037 ro
1456 2032 1457 2036 ,

381 2099 490 2163 regno,
524 2079 557 2142 in
596 2078 823 2165 redempcione
855 2077 950 2142 unius
985 2076 1102 2161 captivi
1131 2077 1371 2162 Hyspaniensis,

380 2182 434 2246 filii
458 2182 585 2247 comitis
618 2184 659 2247 de
680 2182 771 2247 Dene
798 2182 832 2246 iu
863 2181 953 2247 cuius
985 2181 1129 2246 custodia
1162 2196 1194 2247 et
1223 2184 1369 2267 redemp-

380 2288 472 2352 cione
495 2308 548 2351 rex
571 2300 680 2351 noster
702 2287 883 2352 secundum
904 2286 989 2372 leges
1016 2306 1090 2349 suns
1117 2286 1225 2351 debuit
1256 2286 1371 2351 habere

380 2392 569 2478 precipuum
584 2390 742 2456 interesse.
759 2391 854 2457 Unde
876 2391 952 2476 quia
973 2392 1147 2455 noluerunt
1163 2393 1291 2456 reddere
1306 2392 1371 2477 regi

381 2510 489 2561 nostro
512 2495 626 2580 captivi
649 2496 829 2561 custodiam
852 2515 1025 2580 perquem
1048 2494 1211 2579 captivum
1237 2516 1371 2582 regnum
1384 2508 1413 2561 ι5

380 2601 547 2664 redimeret
569 2600 690 2664 multos
713 2600 831 2664 milites
854 2620 930 2663 suos
951 2598 984 2661 in
1007 2600 1162 2686 Hispania
1184 2600 1370 2686 captivatos,

381 2705 524 2770 mandati
547 2719 622 2770 sunt
636 2725 693 2790 per
716 2725 824 2790 regem
839 2720 870 2771 et
884 2723 1018 2790 regnum
1030 2704 1142 2769 tuciori
1153 2704 1233 2789 regis
1249 2724 1370 2769 carcere

379 2809 563 2895 mancipari.
601 2809 664 2873 Sed
697 2811 839 2873 secundo
873 2810 1121 2893 superaddentes
1152 2807 1368 2873 inobediencie

378 2914 476 3000 priori
512 2915 654 2979 exierunt
684 2929 795 2979 contra
828 2915 1017 2977 mandatum
1047 2912 1129 2997 regis
1160 2912 1299 2976 violente
1329 2913 1368 2977 de

380 3039 502 3084 carcere
525 3034 556 3083 et
578 3031 739 3102 prostrato
762 3018 895 3083 custode
928 3017 1058 3082 carceris
1090 3018 1246 3083 intrarunt
1279 3030 1413 3100 septam

379 3122 668 3204 westmonasterii,
691 3122 724 3185 in
747 3123 865 3207 quibus
887 3122 1094 3187 vendicarunt
1116 3123 1251 3187 omnino
1274 3120 1369 3185 eximi

380 3249 397 3291 a
413 3227 612 3291 subieccione
627 3226 709 3312 regis
725 3247 762 3289 ex
777 3227 863 3291 illius
885 3227 1014 3291 ecclesie
1025 3227 1178 3292 libertate.
1198 3228 1238 3290 Et
1260 3226 1369 3307 tercio,

424 3425 444 3459 a.
458 3413 489 3458 ur
503 3415 533 3459 nd
548 3413 680 3459 dicendam.
733 3427 757 3467 4.
772 3414 792 3457 ὓ
807 3412 898 3470 (Codex
911 3412 1029 3470 Dubliu.)=
1043 3421 1067 3459 et
1080 3412 1271 3460 stabilimentum.
1312 3411 1336 3462 ⁶.
1347 3413 1371 3459 Α

379 3484 403 3529 la
418 3495 503 3542 marne
519 3482 603 3529 Caras.
708 3494 732 3541 9.
747 3481 779 3527 lla
793 3481 887 3529 luerint.
992 3494 1022 3529 ar.
1037 3494 1070 3528 aa.
1085 3485 1107 3530 Α
1121 3486 1152 3542 Α,
1166 3483 1197 3528 Βι
1211 3483 1264 3529 exul
1278 3495 1300 3529 ι.

426 3659 448 3696 ι.
474 3643 535 3695 'l'be
553 3641 745 3696 Continuatlon
771 3643 804 3695 ol
819 3643 863 3695 tbe
882 3644 1025 3713 Eulogium
1044 3644 1220 3697 Historiarum
1243 3645 1317 3714 giret
1335 3659 1369 3697 tn

382 3740 492 3782 recount
516 3731 642 3798 agreeing
659 3730 724 3782 with
744 3730 855 3800 Wyclil:
892 3730 945 3800 lpsl
967 3730 1092 3782 timentes
1113 3731 1225 3801 perdere
1246 3730 1370 3800 redemp-

381 3816 484 3867 tionem
502 3816 545 3867 sul
573 3817 715 3885 prisonarii
743 3816 887 3869 noluemnt
915 3818 1004 3887 ipsum
1032 3818 1180 3887 producere
1207 3818 1241 3869 ad
1267 3819 1369 3870 domini

379 3903 449 3968 regie
468 3903 631 3955 mandatum.
649 3904 706 3955 Rex
725 3920 773 3973 per
791 3906 935 3957 concilium
953 3905 1010 3955 eius
1028 3904 1126 3959 obiecit
1153 3908 1192 3958 els
1219 3907 1293 3975 quod
1320 3905 1369 3976 ipsi

380 3987 498 4042 lecerunt
516 4004 649 4042 carcerem
667 3989 696 4042 in
715 3990 841 4043 domibus
859 3992 914 4044 suis
941 3989 1008 4044 inira
1034 4009 1147 4062 regnum
1173 4009 1252 4046 suum
1279 4005 1370 4046 contra

380 4089 459 4126 suum
477 4077 631 4128 mandatum
650 4088 677 4129 et
689 4079 870 4143 voluntatem
889 4089 916 4132 et
934 4078 1006 4132 misit
1014 4095 1062 4131 eoa
1072 4081 1105 4134 td
1115 4079 1209 4133 turrim
1219 4080 1369 4133 Londonie.

380 4160 432 4230 lpel
450 4178 515 4215 vero
533 4175 665 4234 prostrato
676 4162 772 4217 eorum
784 4167 896 4218 custode
906 4167 1038 4234 fugiemut
1048 4168 1082 4220 td
1092 4169 1369 4221 westmonasterium.

424 4249 641 4304 Constabulerius
664 4253 745 4304 turris
767 4256 848 4319 venit,
875 4264 904 4305 ut
934 4267 981 4305 eos
1010 4255 1148 4308 reduceret
1177 4267 1204 4307 et
1233 4254 1370 4309 lohtnnea

380 4335 466 4388 Haule
483 4337 609 4391 resistens
625 4339 782 4393 interiectus
800 4337 870 4392 luit.
898 4374 907 4392 .
932 4375 941 4392 .
967 4349 1078 4393 ,tamen
1096 4340 1225 4394 Ricardur
1252 4340 1369 4395 Shalrille

379 4421 433 4475 ibat
451 4439 512 4476 cum
530 4440 573 4478 eo.
590 4426 650 4480 Eul.
669 4428 738 4480 illst.
757 4427 801 4494 lll,
821 4425 870 4492 34¹
889 4440 977 4496 comp.
997 4427 1075 4479 Rolls
1097 4429 1129 4481 ol
1148 4429 1298 4482 Parlament
1314 4431 1369 4484 vol.

380 4509 424 4575 mr
440 4525 502 4581 m·
525 4516 575 4579 ὀἰ
594 4509 649 4579 We
668 4514 723 4569 5¹⁰·
1169 4535 1172 4541 ’
