3262 5226
122 327 193 377 err.
207 311 283 406 uu]
494 333 540 385 na
558 331 734 385 accensu.

87 510 111 557 r·
120 511 183 574 que
206 490 372 577 possident
392 507 424 555 et
446 489 591 553 tollentes
614 509 740 552 crucem
763 505 936 573 sequantur
956 510 1032 553 eum
1052 487 1101 574 (ut

120 613 206 681 patet
221 596 351 660 Matthei
362 598 418 677 X0,
440 595 525 656 Luce
541 594 668 657 lllll⁰et
685 613 758 676 sepe
776 594 848 656 alibi
865 594 899 656 in
915 592 1100 680 evangelio).

164 700 249 766 Cum
277 720 352 783 ergo
380 700 411 762 in
441 697 524 760 lacto
548 698 648 761 movit
671 699 835 782 apostolos
858 719 934 762 suos
955 699 995 762 ad
1020 698 1101 762 lacto
1122 709 1255 758 curtetur
1270 724 1314 762 nor

120 818 152 868 et
174 804 419 870 conversacione
442 802 715 884 interpretandum
737 803 795 866 hec
818 805 966 866 mandata
989 766 1248 867 secun-“iiiiii
1257 766 1322 864 app·

95 910 199 974 5dum
221 908 319 971 vitam
343 904 621 990 exproprietariam
644 925 675 972 et
698 907 855 991 penalem,
879 928 937 971 uec
959 869 1323 1017 unquamapiiiiiitrbine

120 1012 224 1076 innuit
246 1011 290 1074 eis
312 1008 570 1074 dominacionem
586 1011 721 1093 civilem,
734 1012 842 1075 luisset
859 1011 953 1074 nimis
969 1033 1103 1096 magnus
1130 982 1168 1017 Μ’
1179 980 1298 1085 ’ροειῖῗγῗω

120 1116 278 1194 seductor,
302 1114 328 1177 si
351 1136 427 1179 cum
448 1113 515 1176 istis
538 1115 666 1196 paribus
690 1115 948 1180 dominacionem
980 1116 1104 1180 civilem

120 1241 180 1304 pro
220 1234 302 1282 statu
344 1218 417 1283 cleri
457 1218 601 1281 moderni
640 1219 822 1286 intendebat
854 1221 930 1305 ipsis
973 1222 1103 1286 adicere.

120 1325 203 1388 Nam
227 1324 414 1407 capitalibus
445 1323 677 1407 exemplaribus
710 1325 741 1387 in
765 1325 991 1409 quibusdedit
1014 1325 1105 1390 nobis

93 1442 312 1513 opotestatem
346 1444 377 1492 et
418 1428 559 1512 regulam
593 1428 718 1491 vivendi
749 1429 882 1514 precipit
915 1444 946 1494 et
979 1430 1106 1494 monuit

122 1533 333 1618 exemplando
356 1531 554 1617 oppositum,
585 1554 643 1597 nec
666 1550 712 1597 est
734 1534 881 1598 credibile
908 1534 995 1619 quod
1018 1534 1105 1596 dese·

122 1653 202 1702 reret
218 1639 338 1702 clerum
353 1658 459 1719 suum,
476 1652 581 1702 tacens
598 1639 732 1703 omnino
747 1639 958 1704 necessarium
973 1640 1013 1702 ad
1029 1659 1105 1703 con·

120 1742 337 1806 versacionern
369 1743 513 1827 ipsorum
545 1744 721 1806 secundum
745 1764 839 1806 suum
874 1742 1105 1829 beneplacitum

121 1847 343 1932 regulandam;
371 1863 447 1911 tunc
482 1847 569 1910 enim
598 1846 707 1912 luisset
729 1848 865 1913 omnino
889 1848 1049 1934 negligens
1076 1862 1107 1912 et

94 1951 289 2032 §subdolus
313 1950 356 2015 sic
380 1951 468 2037 quod
491 1972 603 2014 omnes
627 1950 767 2016 deiectus
789 1968 918 2016 nostros
939 1973 1106 2036 possemus

121 2054 153 2118 in
178 2076 269 2118 suam
293 2055 520 2140 negligenciam
546 2055 777 2120 racionabiliter
797 2071 995 2142 retorquere;
1018 2057 1105 2141 quod

121 2179 195 2224 curn
227 2159 267 2224 sit
299 2159 385 2223 nefas
418 2161 531 2242 dicere,
563 2161 727 2224 credamus
749 2182 786 2224 ex
808 2160 871 2224 fide
893 2160 1046 2245 scripture
1076 2175 1108 2225 et

122 2263 309 2328 testimonio
348 2278 532 2328 sanctorum
569 2266 740 2329 doctorum
771 2267 859 2350 quod
891 2266 924 2328 in
953 2264 1106 2351 apostolis

122 2368 233 2433 docuit
264 2382 370 2432 totum
400 2389 502 2454 genus
535 2368 607 2432 cleri
639 2370 799 2453 sequentis
820 2370 925 2434 vivere
947 2391 1026 2455 pure
1053 2391 1105 2433 ex-

87 2472 327 2558 toproprietarie
360 2474 399 2537 de
430 2474 610 2538 elemosinis
642 2475 857 2559 corporalibus
889 2475 1044 2539 laicorum
1075 2484 1327 2584 etsnlrtpdlpnssut·

121 2599 180 2662 pro
197 2590 313 2641 mutuo
330 2599 412 2642 nexu
428 2578 563 2643 caritatis
579 2578 736 2660 habendo,
751 2601 816 2642 non
831 2580 940 2644 minus
954 2579 1104 2665 obligavit
1124 2551 1161 2596 ’μ’
1184 2547 1221 2583 ⁰¹⁸
1244 2551 1258 2583 ⁸
1293 2551 1317 2583 ⁸⁸

120 2683 241 2746 clerum
263 2703 360 2746 suum
383 2684 424 2746 ad
454 2682 699 2747 retribucionem
728 2684 901 2748 elemosine
923 2683 1104 2769 spiritualis,

120 2787 164 2851 sic
201 2787 290 2872 quod
327 2786 430 2850 clerici
464 2786 526 2850 sint
557 2788 780 2851 necessariores
811 2803 842 2853 et
873 2788 1033 2875 digniores
1069 2790 1101 2853 in
1131 2874 1133 2879 Ι

120 2891 249 2955 ecclesia
280 2912 380 2975 quarn
412 2906 550 2974 econtra,
595 2907 625 2956 et
656 2895 728 2977 plus
762 2893 905 2977 indigent
952 2895 1106 2959 seculares

87 3003 109 3057 25
120 2994 240 3059 clericis
277 3017 376 3080 quam
399 3010 537 3076 econtra,
570 2997 650 3060 sicut
672 2996 843 3081 spiritualis
865 2998 1038 3064 elemosina
1060 3015 1107 3063 est

120 3098 315 3185 prestancior
345 3100 512 3185 corporali,
541 3115 572 3164 et
595 3102 638 3164 sic
662 3116 789 3186 oportet
810 3103 899 3187 quod
923 3102 991 3166 laici
1015 3124 1105 3168 men·

121 3204 226 3268 dicent
263 3203 451 3268 elemosinas
483 3204 659 3287 spirituales
690 3214 715 3268 a'
739 3206 859 3270 clericis
893 3207 933 3269 ad
970 3227 1106 3292 quarum

120 3307 365 3372 retribucionem
388 3307 490 3371 clerici
515 3309 652 3393 amplius
675 3310 866 3393 obligantur,
884 3311 966 3376 sicut
981 3326 1107 3397 oportet

121 3429 157 3478 ut
179 3412 281 3478 clerici
305 3413 486 3477 mendicent
509 3414 697 3478 elemosinas
719 3419 899 3501 corporales
920 3439 938 3480 a
961 3417 1048 3481 laicis
1068 3417 1107 3480 ad

87 3519 113 3576 ι’
122 3540 260 3605 quarum
290 3518 574 3582 fertribucionem
597 3519 736 3583 multum
758 3522 849 3585 valde
872 3522 928 3585 sed
943 3542 1009 3585 non
1025 3522 1104 3584 adeo

122 3624 192 3689 laici
225 3637 300 3687 sunt
331 3622 459 3704 astricti,
488 3643 545 3687 nec
567 3624 700 3707 graviter
728 3623 865 3689 ieramus
896 3625 1107 3690 maioritatem

123 3726 330 3813 obligacionis
352 3725 549 3805 huiusmodi,
581 3728 657 3812 quia
689 3729 751 3792 hoc
774 3730 930 3794 redundat
950 3728 983 3792 in
1007 3729 1107 3794 excel·

123 3832 259 3898 lentiam
281 3829 478 3898 clericorum.

163 4068 192 4103 er.
206 4057 229 4103 Α
243 4055 287 4112 Δρ
302 4062 383 4101 metuo
398 4068 466 4102 nexu.
515 4063 549 4099 τι.
560 4053 672 4111 spiritalis
686 4052 710 4099 ln
724 4053 793 4099 codd.
807 4054 843 4100 rie
855 4062 879 4101 et
892 4054 916 4099 ia
930 4053 1036 4112 pluribus
1050 4055 1109 4102 locle

125 4126 286 4186 sequentibus.
360 4136 396 4183 ²9·
412 4126 434 4171 Α
449 4124 466 4169 Β
481 4122 505 4168 lu
520 4135 608 4180 merga
628 4121 736 4169 Christus
750 4124 803 4181 plns
817 4123 936 4180 obllgetar
948 4133 1054 4171 creature
1067 4137 1109 4170 sne

124 4208 195 4256 quarn
206 4204 301 4242 econtra
311 4202 333 4241 et
343 4194 450 4241 simillter
460 4194 573 4241 sacerdos
587 4193 647 4239 lalee
657 4205 727 4252 quera
743 4201 837 4239 econtra
851 4196 944 4250 (above
957 4195 1109 4252 r7a⁸wltlroat

127 4267 193 4313 merl
208 4266 237 4312 el
248 4267 384 4323 relereaeel
490 4262 526 4310 30.
539 4265 563 4311 Α
576 4266 617 4320 Aa
631 4274 680 4309 nan
694 4263 766 4309 deese
848 4310 850 4313 ,
