3262 5226
549 641 715 696 romnus
734 641 882 696 wucrtr.
1064 623 1146 710 [ω.
1165 635 1216 682 xx

232 797 285 862 ubi
314 800 406 862 docta
431 811 478 862 est
503 820 522 862 a
547 800 727 884 parentibus
749 800 905 864 honorare
927 818 1065 879 soceros,
1087 797 1217 881 diligere
1231 804 1329 880 ¹94⁴(i

232 903 392 986 maritum,
421 921 526 986 regere
557 901 719 986 familiam,
750 889 924 986 ¹gubernare
956 903 1096 967 domum
1124 916 1156 966 et
1184 921 1220 964 se

233 1007 334 1091 ipsam
364 1005 665 1090 irreprehensibilem
695 1006 850 1073 exhibere.
882 1007 948 1071 Nec
971 1020 1100 1072 moveat
1129 1007 1218 1090 quod

233 1110 287 1174 tilii
318 1110 447 1195 ecclesie
480 1125 555 1175 sunt
584 1110 706 1194 ancille,
728 1131 806 1175 cum
827 1108 874 1173 vir
897 1109 1002 1176 tocius
1025 1108 1155 1174 ecclesie
1178 1109 1219 1173 sit

234 1217 299 1280 eius
329 1214 494 1298 dominus;
524 1217 611 1300 quod
643 1214 816 1299 figuratum
846 1229 893 1279 est
923 1214 958 1278 in
987 1214 1064 1280 Sara
1087 1213 1245 1281 Genesis5

234 1321 360 1404 xvlllv,
402 1341 450 1402 ιι,
487 1334 618 1384 vocante
647 1319 810 1383 Abraham
841 1319 1008 1384 dominum
1038 1339 1137 1385 suum
1170 1314 1221 1405 (ut

235 1440 324 1490 notat
342 1427 452 1489 beatus
471 1425 580 1488 Petrus
596 1424 622 1487 1·
636 1423 719 1489 Petri
734 1424 804 1506 111⁰,
827 1421 872 1512 6).
888 1424 962 1488 Non
979 1425 1100 1502 timeat,
1116 1423 1220 1508 inquit

233 1528 440 1614 Augustinus,
468 1529 692 1608 condicionem,
729 1530 785 1593 sed
823 1543 927 1613 speret
963 1528 1218 1611 miseracionem,

234 1634 308 1719 quia
329 1653 434 1697 revera
456 1632 481 1695 si
503 1634 572 1696 Deo
594 1632 706 1697 servire
729 1631 769 1697 sit
796 1651 938 1716 regnare,
960 1633 1074 1697 ancilla
1097 1632 1219 1695 domini

236 1753 281 1803 est
308 1739 423 1822 regina.
453 1737 493 1801 Et
514 1737 587 1802 hinc
608 1725 679 1802 vere
701 1758 738 1801 ac
760 1735 920 1802 meritorie
942 1734 1111 1821 profitetur
1133 1736 1219 1798 Psal-
1234 1763 1265 1801 to

236 1842 328 1906 mista
347 1842 474 1906 Psalmo
495 1841 607 1922 CXV0,
631 1843 682 1906 16:
709 1841 792 1927 Ego,
815 1840 930 1927 iuquit,
953 1861 1069 1906 servus
1091 1851 1168 1904 tuus
1190 1849 1222 1904 el

230 1949 327 2032 filius
356 1948 475 2011 ancille
504 1958 567 2011 tue.
613 1946 749 2032 Oportet
786 1946 873 2011 enim
909 1946 1055 2010 membra
1092 1944 1222 2026 ecclesie

239 2052 384 2137 precipue
406 2072 514 2115 cavere
535 2050 642 2115 ocium
662 2065 694 2114 et
713 2050 827 2115 servire
849 2050 1012 2132 continue,
1035 2049 1111 2134 quia
1134 2048 1224 2112 aliter

241 2176 304 2219 non
328 2158 420 2220 datur
442 2155 486 2218 eis
507 2155 666 2240 spirituale
688 2155 852 2219 cibarium.
881 2154 976 2244 Unde
1005 2154 1046 2217 11·
1078 2152 1223 2218 Thessal.

241 2260 308 2341 111⁰,
329 2281 365 2323 ιο
380 2259 454 2323 dicit
461 2261 647 2344 Apostolus:
661 2260 726 2337 Qui
737 2247 808 2323 non
817 2260 945 2323 laboral
960 2279 1024 2322 non
1041 2258 1225 2321 manducet.
1238 2270 1268 2325 ι5

125 2392 144 2424 re
158 2380 189 2426 re
285 2365 346 2428 Sed
368 2363 442 2449 quia
464 2380 607 2428 matrona
628 2366 766 2449 prudens
788 2362 991 2429 considerans
1007 2365 1096 2448 quod
1112 2362 1256 2427 cibariae
1285 2373 1315 2426 n

125 2431 231 2529 fidrihriie
240 2469 289 2532 vie
322 2490 387 2532 non
419 2467 578 2533 sufficiunt
609 2468 732 2533 homini
765 2469 798 2533 in
826 2483 982 2556 eternum,
1010 2467 1085 2531 ideo
1112 2465 1227 2552 quinto

127 2535 208 2633 ‘53⁰‘
240 2573 395 2637 subditur:
413 2574 630 2638 Consideravi!
644 2594 765 2659 agrum
781 2583 812 2637 et
832 2575 909 2637 emit
922 2573 1027 2650 illum,
1052 2573 1092 2636 de
1104 2572 1227 2658 fructu

241 2698 394 2742 stanuum
421 2698 557 2743 suarum
575 2679 735 2763 plantavit
762 2679 897 2742 vineam.
931 2685 1016 2762 Ager
1039 2677 1091 2740 ille
1114 2696 1226 2739 secun·

241 2784 317 2846 dum
348 2784 562 2866 Augustinum
594 2799 641 2849 est
663 2805 798 2869 regnum
826 2784 968 2847 celorum
996 2783 1029 2845 in
1059 2802 1125 2867 quo
1154 2796 1273 2846 suntro
1317 2818 1320 2829 ι

242 2885 359 2951 lructus
390 2909 515 2972 semper
545 2888 689 2969 virentes,
723 2903 760 2953 ut
791 2902 878 2972 patet
900 2893 1005 2971 Apoc.
1039 2886 1165 2969 ultimo,
1198 2900 1229 2949 et

241 2993 366 3055 Psalmo
396 2994 522 3074 xllxo,
555 3016 585 3056 ιι
619 2994 745 3058 dicitur:
770 2991 979 3056 l‘ulclrriludo
1002 2991 1081 3076 agri
1103 3010 1227 3053 rnecum

242 3109 298 3161 est.
327 3099 416 3161 lllam
443 3114 549 3162 autem
571 3099 704 3181 patriam
727 3097 829 3161 fidelis
853 3098 996 3160 discursu
1022 3094 1095 3158 fidei
1125 3093 1229 3159 inluse

243 3204 429 3285 considerat,
461 3219 491 3270 et
521 3225 558 3266 ex
581 3203 641 3266 fide
664 3204 816 3288 scripture
839 3225 897 3287 pro
920 3202 981 3265 levi
1011 3199 1230 3263 tribulacionis

243 3323 464 3371 momentanee
496 3309 601 3391 ipsum
632 3322 745 3390 sperat,
777 3322 809 3370 et
840 3306 884 3370 sic
916 3307 997 3370 illud
1035 3306 1123 3389 quod
1163 3316 1273 3369 nones

244 3411 366 3475 videtur
388 3414 486 3475 modo
509 3411 693 3475 sensibiliter
713 3413 840 3496 pondus
864 3427 971 3476 eterne
995 3412 1095 3496 glorie
1118 3431 1229 3493 opera·

246 3517 348 3579 turin
373 3517 464 3579 nobis
487 3532 516 3580 et
539 3517 749 3580 voluntariam
771 3515 1007 3599 persecutionis
1035 3513 1232 3598 pacienciam

246 3634 373 3703 propter
413 3620 568 3683 iusticiam
613 3640 674 3704 que
715 3622 893 3683 secundum
936 3640 1052 3682 vocem
1094 3620 1232 3682 veritatis

247 3724 376 3787 Matthei
399 3725 457 3788 Vl⁰
480 3740 525 3788 ost
541 3724 680 3807 precium
696 3725 791 3787 huius
807 3725 882 3808 agri.
900 3725 993 3788 Unde
1008 3723 1086 3806 quid
1102 3737 1233 3806 propter

248 3830 428 3913 exemplum
444 3831 608 3894 martirum
631 3845 661 3893 et
684 3830 843 3892 iustorum
867 3841 974 3891 sancte
998 3826 1180 3890 vivencium
1203 3841 1234 3890 et
1243 3837 1276 3889 30

247 3933 324 4017 quid
361 3949 490 4018 propter
529 3935 657 3998 virtutes
701 3933 897 4017 theologicas
935 3930 1056 3994 inlusas
1099 3932 1234 4014 desuper

249 4053 347 4101 mater
379 4054 485 4102 nostra
516 4038 547 4100 in
579 4060 633 4122 spe
669 4037 744 4100 boni
780 4037 874 4101 luturi
906 4034 1062 4120 plantavit
1097 4035 1233 4115 vineam,

249 4142 310 4205 hoc
333 4157 391 4224 est,
413 4143 606 4227 superiorem
629 4144 701 4205 cleri
725 4142 888 4204 ecclesiam
905 4161 968 4224 que
983 4138 1149 4201 residuum
1170 4138 1233 4222 agri

250 4241 390 4310 letificet?
414 4248 453 4310 Et
469 4248 529 4310 boc
551 4247 662 4311 merito
678 4246 781 4310 tocius
797 4245 925 4309 ecclesie
946 4245 1036 4329 quod
1053 4257 1100 4307 est
1117 4241 1236 4306 lructus

290 4515 306 4549 ι.
320 4502 346 4548 la
360 4503 442 4549 cedda
458 4504 542 4549 socios.
621 4501 1072 4558 16.AA,rmstrons-ldeodeest.
1157 4498 1190 4546 si
1205 4497 1233 4544 lli

251 4573 285 4619 sie
298 4574 367 4627 ldem.
472 4585 508 4631 ²⁹·
522 4573 548 4619 ln
561 4573 643 4620 cedda
657 4572 739 4619 llsttb.
754 4569 785 4618 V.
889 4571 924 4617 ³2.
937 4573 972 4618 Αι
987 4570 1044 4617 baal
1059 4568 1123 4616 lael?
