3262 5226
485 604 656 707 rounuurs
675 650 826 705 wucur
896 616 899 621 ’
980 610 1146 722 [cruam

109 825 131 924 Ιιι
132 810 347 933 intercedat,
366 828 429 872 non
452 818 560 873 tomen
577 807 643 893 pro
666 807 775 891 impiis
794 806 957 894 (quemuis
978 808 1261 879 christiduiaodn

109 943 126 987 ι,
109 889 304 1000 ¹¹¹⁸suerint)
337 913 402 978 tole
432 912 513 997 quid
540 933 643 998 ogere
675 912 789 977 licebit.
829 912 933 997 Super
967 932 1033 997 quo
1067 914 1145 978 dicit

109 996 117 1081 ἶ
118 994 272 1084 eadem
296 1019 417 1102 glossa:
450 1018 486 1082 Si
510 1026 559 1082 est
583 1015 716 1082 euidens
742 1019 885 1103 aliquem
912 1015 1123 1082 decessisse'
1110 1038 1143 1082 nn

109 1088 129 1133 ι
157 1124 301 1207 mortali,
323 1132 360 1187 ut
380 1142 454 1186 cum
477 1121 551 1206 puis
573 1121 742 1207 suspendit
761 1141 797 1186 se
818 1123 872 1187 uel
887 1121 1061 1206 precipitat
1086 1131 1147 1186 out

156 1227 223 1291 olio
245 1227 341 1291 modo
363 1246 399 1292 se
426 1226 585 1311 interjicit,
600 1245 667 1311 pro
689 1246 727 1290 eo
749 1245 813 1291 nou
838 1237 887 1292 est
913 1226 1086 1306 orandum,
1110 1238 1171 1297 uts

154 1330 303 1413 xxttte,
319 1351 351 1416 q.
372 1327 423 1416 Vt,
433 1331 568 1408 Placuit,
578 1341 609 1395 et
623 1350 652 1415 q.
669 1327 774 1409 Vm«,
794 1330 984 1414 Quicunque
998 1331 1144 1397 clericus.

156 1437 256 1500 Seeus
277 1447 338 1513 est,
360 1435 390 1500 si
409 1445 458 1499 est
481 1434 631 1499 dubium:
658 1434 745 1499 unde
767 1453 833 1520 pro
855 1437 962 1499 occiso
984 1434 1017 1498 in
1040 1436 1143 1500 ebrie·

155 1549 221 1605 tote
240 1560 305 1604 non
324 1548 442 1603 oretur
461 1537 514 1626 (ut
530 1538 661 1619 Extra,
679 1539 731 1603 De
743 1539 910 1624 Reliquiis,
925 1538 1144 1621 Audivimus).

156 1645 335 1725 Quomodo
359 1642 461 1729 queso'
484 1643 714 1709 ordinarentur
738 1658 786 1708 tot
808 1646 895 1724 leges
910 1645 951 1707 ad
969 1663 1032 1708 non
1049 1664 1142 1708 oran·

158 1753 237 1814 dum
263 1771 324 1835 pro
348 1750 479 1814 mortuo
506 1750 539 1813 in
567 1750 695 1813 mortali
724 1750 904 1814 secundum
928 1749 1143 1834 suspicionem
1157 1779 1189 1816 to

157 1856 335 1936 iallibilem,
358 1855 385 1917 si
400 1855 555 1918 debemus
571 1854 751 1939 specialiter
770 1874 863 1917 orare
886 1874 946 1939 pro
969 1854 1022 1917 illo
1045 1874 1142 1937 quem

158 1960 277 2024 scimus
305 1959 517 2043 dampnatum
546 1956 720 2045 perpetuo?
748 1959 797 2021 vel
829 1959 996 2043 quomodo
1022 1958 1144 2045 specifi-

157 2078 244 2129 caret
259 2065 390 2128 ecclesia
407 2065 589 2128 oracionem
607 2085 667 2149 pro
681 2065 818 2128 mortuis
834 2065 867 2127 in
883 2063 980 2127 missa
991 2064 1142 2128 dicendo:

158 2171 320 2234 Memento
353 2168 482 2233 domine
498 2169 714 2254 soumlorum-
738 2180 871 2234 tuorum
900 2170 958 2253 qui
984 2188 1043 2233 nos
1067 2191 1143 2254 pre·

157 2283 325 2338 cesserunt
356 2293 428 2338 cum
461 2277 557 2360 signo
574 2272 659 2360 Jidei
684 2284 714 2338 et
745 2275 913 2340 decutiunt
943 2275 977 2339 in
1010 2295 1142 2359 sompno
1158 2288 1187 2341 15

153 2379 258 2464 pacis)
282 2379 308 2442 si
331 2379 521 2461 generaliter
535 2379 692 2442 orandum
709 2395 755 2443 est
772 2399 832 2463 pro
856 2379 916 2443 illis
939 2379 1057 2463 quibus
1081 2401 1143 2464 pax

158 2504 195 2546 ex
212 2484 425 2568 perpetuitate
441 2485 560 2548 vermis
575 2483 771 2547 consciencie
788 2497 834 2548 est
851 2482 1144 2567 incompossibilia?

109 2601 149 2697 ξι.
203 2587 292 2671 Item,
326 2589 527 2671 Augustinus
549 2588 638 2651 1011ο
666 2589 713 2652 Dc
737 2588 876 2652 Ciuitate
906 2589 976 2670 Dei,
1004 2589 1180 2673 capitulos}

111 2716 124 2749 0
159 2690 288 2772 xxlv0,
310 2705 449 2756 tractans
465 2692 559 2756 rstam
576 2692 709 2755 eandem
734 2693 900 2757 materiam
924 2694 1015 2778 ponit
1037 2694 1143 2777 primo

109 2760 136 2815 η’
158 2797 340 2860 evidencias
368 2796 598 2882 discipulorum
627 2797 777 2880 Origenis
805 2799 1013 2880 arguencium
1046 2801 1072 2862 si
1105 2821 1188 2863 exeo

158 2913 313 2984 precepto
345 2900 468 2963 domini
501 2901 647 2966 homines
675 2903 794 2966 debent
821 2904 853 2966 in
883 2903 934 2965 via
957 2904 1088 2987 diligere
1111 2919 1143 2970 et

159 3025 250 3067 orare
271 3025 332 3087 pro
348 3005 484 3071 inimicis
507 3005 557 3089 (ut
573 3021 661 3090 patet
678 3008 797 3070 Mathei
814 3005 888 3093 V⁰):
914 3009 1016 3070 multo
1041 3010 1142 3091 magis

158 3110 243 3172 beati
267 3110 298 3172 in
324 3109 435 3172 maiori
460 3110 592 3173 caritate
616 3112 688 3195 plus
705 3112 902 3174 exaudibiles
925 3113 1061 3177 orabunt
1083 3135 1142 3198 pro

158 3215 218 3277 illis
249 3214 412 3292 continue,
442 3232 472 3278 ct
501 3236 559 3297 per
587 3235 785 3300 consequens
816 3230 946 3299 oportet
969 3219 1056 3301 quod
1080 3219 1143 3282 sint

158 3319 295 3382 finaliter
311 3319 460 3382 exauditi.
486 3319 580 3383 Unde
603 3334 703 3384 totam
723 3321 914 3404 scripturam
932 3322 971 3384 de
989 3323 1142 3406 dampna·
1155 3337 1187 3392 25

158 3427 249 3487 cione
281 3438 434 3509 perpetua
468 3425 611 3506 glossant
642 3426 729 3508 quod
761 3425 906 3490 homines
945 3426 1038 3510 digni
1068 3439 1144 3493 suut

151 3531 227 3614 poti
241 3531 331 3606 talin,
351 3530 379 3592 si
394 3549 458 3592 nou
474 3530 551 3591 assit
568 3530 630 3592 Dei
645 3530 877 3608 misericordia,
891 3552 953 3595 nou
970 3533 1143 3615 (inquiunt)

157 3634 244 3718 quod
264 3635 395 3716 passuri
423 3644 500 3696 sunt
526 3634 618 3713 tolia,
650 3634 708 3698 scd
732 3637 815 3699 sicut
843 3656 936 3699 rrerrro
962 3656 1042 3700 sane
1056 3638 1144 3721 fidei

158 3740 218 3800 lroc
240 3738 332 3814 dixit,
354 3738 400 3800 sic
425 3757 483 3800 nec
504 3739 651 3802 dicturus
666 3749 724 3803 est.
737 3741 899 3823 Alioquin,
915 3741 1030 3825 inquit,
1048 3744 1142 3807 nulla

147 3843 243 3927 soret
266 3863 353 3905 rrurrc
375 3862 487 3920 causo,
510 3862 571 3905 cur
593 3865 656 3906 non
679 3846 778 3907 eciam
804 3865 892 3908 nunc
908 3865 974 3930 pro
1001 3846 1188 3929 dyabolum

197 4094 217 4126 a.
241 4081 267 4126 ln
282 4081 365 4126 codd:
390 4082 434 4127 talc
453 4083 476 4127 in
495 4083 560 4139 quid.
666 4082 685 4128 ³.
710 4084 735 4128 ln
750 4084 835 4129 codd:
859 4086 946 4141 glossa.
975 4086 1015 4131 Est
1036 4088 1142 4133 evidens.

158 4152 255 4197 eorreru
269 4164 282 4195 e
295 4157 358 4196 textu
372 4152 465 4205 glossae
482 4150 539 4205 (Pro
553 4152 640 4210 impiis)
653 4154 681 4197 ad
696 4166 760 4198 caus.
775 4153 836 4211 xm,
851 4167 874 4211 q.
889 4154 917 4198 11.
938 4154 985 4201 Pro
998 4157 1141 4202 obeuntum.

157 4222 228 4267 ibide
243 4221 379 4278 suspendat.
392 4220 490 4266 Comani
501 4234 513 4265 e
523 4229 584 4266 textu
594 4224 693 4279 glossae.
705 4222 765 4269 Vnde
776 4223 901 4270 Decretum
911 4224 1016 4270 Gratiani
1032 4240 1078 4272 una
1088 4239 1142 4272 cunt

158 4290 246 4348 glossis
265 4289 357 4344 (Venet.
373 4288 435 4345 1605)
454 4301 507 4347 pag.
522 4288 572 4347 973.
678 4290 710 4336 18.
728 4295 751 4337 Α
765 4293 788 4337 in
804 4305 891 4348 margo
911 4288 1082 4351 Argumentum
1100 4306 1144 4352 pro

157 4361 293 4406 solucione
306 4360 420 4404 omnium.
526 4359 558 4404 ra.
571 4359 598 4405 ln
612 4360 692 4406 eoddn
710 4360 774 4406 xxu
788 4361 923 4408 decivitate
937 4362 980 4409 Dei
992 4375 1044 4421 cap.
1058 4363 1143 4411 xxtu.
1162 4413 1185 4422 ‚-

158 4429 192 4475 2³.
205 4428 233 4474 ln
246 4428 331 4474 cedda
346 4427 435 4474 orabat.

208 4585 246 4639 ra.
265 4547 420 4657 nupiopp.
439 4598 504 4640 tom.
522 4588 577 4653 vn,
595 4603 655 4659 pag.
672 4586 734 4656 641,
752 4588 811 4657 642.
890 4630 893 4634 .
