3262 5226
279 366 283 373 ·
370 356 440 405 cae.
456 345 530 423 vni]
751 358 795 410 aa·
814 357 992 411 accensita

267 541 282 594 1
311 540 370 592 152·
382 518 467 582 enim
484 515 686 601 privilegium
707 535 895 579 concessum
910 513 1095 579 domesticis
1111 534 1176 577 non
1191 529 1240 579 est
1256 528 1375 595 rutum,

383 624 462 687 dum
493 637 601 686 tamen
630 621 670 683 ab
701 619 862 684 essentiali
895 617 1119 704 patrefamilias
1150 619 1392 709 omnipotente„

381 742 413 791 et
435 725 644 789 omnisciente
672 724 832 788 indultum
865 744 931 787 non
963 722 1058 788 suerit
1090 737 1122 788 et
1144 736 1277 808 optenta
1304 724 1375 788 eius

381 830 512 895 licencia
535 829 772 893 confirmatum

341 956 372 1010 κ
425 937 471 999 En
495 935 561 999 istis
583 933 742 1018 colligitur
767 935 857 1018 quod
879 954 1046 997 summum
1070 932 1268 1017 privilegium
1291 953 1372 997 con·
1410 943 1467 1008 Tne
1485 946 1572 1010 aiga·

381 1061 505 1105 cessum
538 1036 710 1101 christiano
741 1058 799 1122 pro
825 1037 878 1100 via
901 1036 982 1102 loret
1003 1037 1104 1122 quod,
1127 1039 1373 1123 exproprietarie
1384 996 1573 1150 affligi-effi

382 1144 530 1223 visendo,
562 1143 692 1206 Christo
715 1141 848 1205 similius
883 1141 964 1206 foret
1000 1141 1140 1206 anterior
1169 1143 1203 1206 in
1235 1143 1374 1208 exercitu
1442 1114 1567 1216 pisces?

360 1248 563 1323 1clrristiano.
600 1247 689 1310 Patet
710 1246 816 1330 primo
838 1246 897 1311 sic:
921 1247 1011 1311 luxta
1033 1246 1219 1332 proximum
1241 1249 1374 1312 corella·

384 1353 465 1416 num
482 1352 607 1415 nullum
630 1364 677 1415 est
699 1350 899 1435 privilegium
915 1351 974 1414 nisi
994 1372 1184 1416 concessum
1199 1374 1218 1416 a
1234 1351 1375 1436 Christo,

344 1459 452 1542 soipse
482 1473 593 1521 autem
627 1476 691 1518 non
724 1470 828 1541 potest
850 1456 1022 1520 concedere
1046 1455 1149 1521 maius
1172 1447 1376 1542 privilegium

383 1583 481 1647 quam
513 1561 586 1644 plus
619 1559 823 1623 assimilando
845 1560 1012 1624 subditum
1033 1559 1093 1623 sibi
1115 1560 1187 1645 ipsi,
1209 1581 1286 1646 ergo
1314 1575 1375 1628 etc.

386 1667 476 1731 Unde
492 1665 624 1728 Matthei
641 1665 769 1747 XVlll⁰,
797 1686 822 1741 s,
845 1666 977 1750 quando
992 1665 1139 1750 discipuli
1153 1664 1339 1751 quesierunt
1357 1688 1377 1730 a

385 1769 527 1835 Christo:
563 1768 645 1846 Quis
670 1779 771 1852 putas
798 1770 906 1834 maior
936 1780 983 1834 est
1006 1771 1040 1834 in
1079 1789 1185 1855 regno
1220 1771 1377 1853 celorum,

385 1876 453 1957 ipse
476 1872 640 1937 advocans
657 1873 836 1957 parvulum
860 1875 930 1937 sine
953 1874 1085 1937 malicia
1106 1877 1222 1940 statuit
1244 1895 1317 1940 eum
1341 1877 1376 1940 in

344 1983 373 2036 ι5
386 1979 490 2043 medio
522 1978 654 2041 iliorum
683 1977 826 2062 dicitque
849 1997 882 2040 re
909 1992 941 2042 et
964 1999 1111 2042 sermone
1132 1981 1222 2065 quod
1246 1980 1303 2064 qui
1330 1980 1378 2045 sic

380 2086 459 2168 plus
474 2104 508 2149 se
523 2084 747 2148 leuntiiianerit
761 2085 813 2148 liic
827 2085 935 2147 maior
950 2094 997 2149 est
1012 2084 1045 2147 in
1067 2084 1196 2149 ecclesia
1208 2083 1376 2150 militante.

356 2190 474 2270 eltem,
498 2188 677 2273 cuicunque
701 2187 792 2251 militi
814 2209 874 2273 pro
897 2202 980 2252 statu
996 2188 1113 2253 milicie
1129 2188 1209 2253 leret
1233 2188 1378 2273 optacius

385 2295 472 2380 quod
496 2307 636 2357 armatus
658 2293 823 2358 decencius
846 2306 877 2357 et
899 2293 1027 2358 adiutus
1050 2292 1217 2378 specialius
1236 2307 1381 2377 ponatur

386 2400 416 2462 in
448 2399 514 2463 acie
548 2398 631 2479 belli,
655 2398 710 2461 ubi
732 2397 850 2462 lorcior
872 2413 918 2463 est
940 2398 1120 2479 conflictus,
1142 2397 1176 2461 in
1199 2398 1262 2464 hoe
1288 2399 1380 2465 enim

342 2524 376 2559 20
385 2504 529 2567 consistit
545 2503 688 2566 militaris
704 2503 880 2567 strenuitas.
900 2503 962 2567 Sed
982 2516 1018 2567 ut
1033 2502 1148 2567 dicitur
1162 2503 1222 2567 lob
1238 2503 1325 2586 Vll0,
1346 2519 1378 2568 r:

385 2609 513 2671 Milicia
535 2618 582 2672 est
603 2618 669 2672 tota
694 2610 758 2673 uita
780 2608 922 2672 lrosninis
943 2627 1046 2692 super
1068 2616 1206 2686 terram,
1229 2622 1262 2673 et
1287 2606 1379 2674 iuxta

385 2712 579 2796 Apostolum
604 2713 684 2796 Eph.
707 2713 776 2796 Vl⁰,
815 2727 870 2776 ra:
897 2712 969 2775 Non
992 2722 1042 2777 est
1069 2713 1162 2776 nobis
1183 2711 1380 2778 colluctacio

329 2881 337 2899 ,
385 2816 542 2881 adversus
574 2837 705 2882 carnem
733 2828 765 2883 et
789 2818 996 2902 sanguinem,
1019 2817 1079 2881 sed
1105 2817 1264 2882 aduersus
1279 2819 1379 2901 prin·

385 2924 472 3004 cipes
494 2933 524 2985 et
540 2933 728 3005 potestates,
744 2922 904 2987 aduersus
919 2922 1034 2986 mundi
1055 2931 1199 2987 rectores
1225 2921 1380 2986 tenebra·

344 3033 459 3090 mrum
483 3027 613 3102 harum,
645 3038 760 3091 contra
783 3026 970 3109 spiritualia
993 3027 1149 3111 nequicie.
1187 3027 1263 3091 ldeo
1288 3040 1381 3110 patet

388 3132 486 3216 quod,
509 3146 632 3216 quanto
653 3130 726 3216 quis
749 3130 841 3195 luerit
864 3130 907 3195 sic
930 3131 1057 3215 positus
1072 3131 1212 3196 anterius
1233 3130 1267 3194 in
1289 3132 1380 3198 dicto

387 3235 535 3316 exercitu,
559 3235 719 3299 indultum
742 3249 788 3300 est
810 3235 868 3298 sibi
892 3235 1093 3320 privilegium
1114 3256 1154 3300 eo
1177 3234 1282 3300 maius
1307 3257 1380 3322 quo

357 3338 526 3421 uamplius
548 3339 761 3404 coronabitur.
779 3341 818 3404 Et
840 3353 928 3425 patet
950 3339 1009 3403 ista
1031 3321 1213 3403 sentencias
1214 3340 1255 3404 de
1276 3355 1380 3406 matre
1388 3362 1505 3414 tamnes
1521 3368 1572 3414 ore

388 3440 528 3505 liliorum
550 3443 686 3507 Zebedei
708 3464 771 3528 que
792 3465 829 3508 ex
857 3444 1064 3528 instigatione
1088 3443 1229 3508 filiorum
1250 3447 1381 3530 petebat
1400 3418 1572 3536 miggin

345 3552 378 3604 30
389 3545 591 3630 privilegium
622 3569 640 3610 a
671 3549 810 3631 Christo,
841 3563 878 3614 ut
904 3549 949 3612 hii
971 3549 1116 3615 sederent
1138 3541 1293 3633 in'regno
1316 3571 1380 3615 suo
1438 3525 1556 3571 ‘mm'

389 3670 472 3713 unus
499 3651 539 3714 ad
562 3653 722 3716 dexteram
753 3666 784 3717 et
818 3653 900 3716 alius
932 3653 973 3717 ad
1009 3651 1169 3717 sinistram
1207 3652 1257 3740 (ut
1289 3668 1380 3739 patet

318 3756 379 3812 152⁸
388 3755 518 3818 Matthei
542 3757 627 3839 Xll0,
653 3754 718 3842 22).
741 3757 802 3820 Sed
817 3759 908 3842 pueri
923 3771 1067 3843 petentes
1082 3755 1101 3794 *
1116 3759 1195 3823 illud
1222 3757 1380 3844 implicite

388 3858 556 3923 audierunt
578 3860 723 3925 divinum
744 3877 951 3946 responsum:
984 3862 1122 3927 Nescitis
1149 3862 1229 3947 quid
1244 3866 1379 3947 petatis.

388 3965 524 4027 Potestis
550 3966 658 4029 bibere
675 3967 818 4031 'calicem
855 3987 949 4051 quem
983 3986 1045 4052 ego
1079 3966 1241 4032 bibiturus
1272 3969 1381 4034 sum?

427 4148 446 4196 ⁵.
463 4150 520 4195 Aia
536 4163 624 4207 maras
640 4132 718 4197 Prirm
732 4152 862 4198 conclusio.
961 4164 982 4210 7.
997 4155 1031 4198 As
1052 4123 1187 4201 snteterlor.
1293 4166 1327 4212 ry.
1342 4158 1379 4202 Αι

387 4220 502 4275 optacius.
582 4221 614 4267 ¹8.
627 4222 651 4267 Α
664 4223 707 4279 Ap
721 4220 862 4280 specialiter.
941 4222 977 4268 ²8.
991 4221 1022 4267 lla
1037 4230 1100 4280 pnes
1114 4237 1143 4270 ex
1155 4224 1209 4270 late.
1288 4234 1327 4284 29.
1342 4227 1380 4273 Αι

388 4287 467 4334 Zebsl.
573 4288 605 4337 33.
619 4291 655 4337 A:
672 4290 785 4339 Noscltls.
