<?xml version="1.0" encoding="UTF-8"?>
<!DOCTYPE html PUBLIC "-//W3C//DTD XHTML 1.0 Transitional//EN"
    "http://www.w3.org/TR/xhtml1/DTD/xhtml1-transitional.dtd">
<html xmlns="http://www.w3.org/1999/xhtml" xml:lang="en" lang="en">
 <head>
  <title>
</title>
<meta http-equiv="Content-Type" content="text/html;charset=utf-8" />
  <meta name='ocr-system' content='tesseract 3.04.00' />
  <meta name='ocr-capabilities' content='ocr_page ocr_carea ocr_par ocr_line ocrx_word'/>
</head>
<body>
  <div class='ocr_page' id='page_1' title='image "./iohanniswyclift00mattgoog_0214.png"; bbox 0 0 3262 5226; ppageno 0'>
   <div class='ocr_carea' id='block_1_1' title="bbox 379 321 1031 415">
    <p class='ocr_par' dir='ltr' id='par_1_1' title="bbox 379 321 1031 415">
     <span class='ocr_line' id='line_1_1' title="bbox 379 321 1031 415; baseline 0.002 -21"><span class='ocrx_word' id='word_1_1' title='bbox 379 321 532 415; x_wconf 76' lang='lat' dir='ltr'>ear-tut]</span> <span class='ocrx_word' id='word_1_2' title='bbox 775 340 1031 397; x_wconf 71' lang='lat' dir='ltr'>uruccrasta·</span> 
     </span>
    </p>
   </div>
   <div class='ocr_carea' id='block_1_2' title="bbox 270 498 1557 3929">
    <p class='ocr_par' dir='ltr' id='par_1_2' title="bbox 270 498 1379 898">
     <span class='ocr_line' id='line_1_2' title="bbox 270 498 1379 586; baseline 0.002 -22"><span class='ocrx_word' id='word_1_3' title='bbox 270 516 372 586; x_wconf 70' lang='lat'>0152*</span> <span class='ocrx_word' id='word_1_4' title='bbox 381 502 444 566; x_wconf 80' lang='lat' dir='ltr'>sito</span> <span class='ocrx_word' id='word_1_5' title='bbox 470 499 534 563; x_wconf 91' lang='lat' dir='ltr'>loci</span> <span class='ocrx_word' id='word_1_6' title='bbox 570 498 629 561; x_wconf 75' lang='lat' dir='ltr'>tibi</span> <span class='ocrx_word' id='word_1_7' title='bbox 656 498 833 583; x_wconf 88' lang='lat' dir='ltr'>opponitur</span> <span class='ocrx_word' id='word_1_8' title='bbox 863 498 947 563; x_wconf 90' lang='lat' dir='ltr'>dicat</span> <span class='ocrx_word' id='word_1_9' title='bbox 977 519 1097 565; x_wconf 83' lang='lat' dir='ltr'>vetum.</span> <span class='ocrx_word' id='word_1_10' title='bbox 1133 498 1236 565; x_wconf 72' lang='lat' dir='ltr'>Caiua&#39;</span> <span class='ocrx_word' id='word_1_11' title='bbox 1262 514 1379 566; x_wconf 86' lang='lat' dir='ltr'>autem</span> 
     </span>
     <span class='ocr_line' id='line_1_3' title="bbox 383 601 1378 687; baseline 0.002 -19"><span class='ocrx_word' id='word_1_12' title='bbox 383 605 507 669; x_wconf 88' lang='lat' dir='ltr'>videtur</span> <span class='ocrx_word' id='word_1_13' title='bbox 529 601 689 687; x_wconf 75' lang='lat' dir='ltr'>possibilia</span> <span class='ocrx_word' id='word_1_14' title='bbox 718 617 750 667; x_wconf 91' lang='lat' dir='ltr'>et</span> <span class='ocrx_word' id='word_1_15' title='bbox 770 603 935 683; x_wconf 72' lang='lat' dir='ltr'>honestus,</span> <span class='ocrx_word' id='word_1_16' title='bbox 970 623 1127 687; x_wconf 87' lang='lat' dir='ltr'>cumpro</span> <span class='ocrx_word' id='word_1_17' title='bbox 1148 603 1320 668; x_wconf 85' lang='lat' dir='ltr'>mendacio</span> <span class='ocrx_word' id='word_1_18' title='bbox 1344 621 1378 670; x_wconf 88' lang='lat' dir='ltr'>et</span> 
     </span>
     <span class='ocr_line' id='line_1_4' title="bbox 382 688 1376 794; baseline 0.003 -22"><span class='ocrx_word' id='word_1_19' title='bbox 382 730 441 794; x_wconf 85' lang='lat' dir='ltr'>pro</span> <span class='ocrx_word' id='word_1_20' title='bbox 456 727 652 793; x_wconf 88' lang='lat' dir='ltr'>quocunque</span> <span class='ocrx_word' id='word_1_21' title='bbox 667 707 781 771; x_wconf 78' lang='lat' dir='ltr'>scelere</span> <span class='ocrx_word' id='word_1_22' title='bbox 797 720 904 792; x_wconf 71' lang='lat' dir='ltr'>posset</span> <span class='ocrx_word' id='word_1_23' title='bbox 921 688 965 771; x_wconf 83' lang='lat' dir='ltr'>uti</span> <span class='ocrx_word' id='word_1_24' title='bbox 980 706 1144 793; x_wconf 82' lang='lat' dir='ltr'>privilegio</span> <span class='ocrx_word' id='word_1_25' title='bbox 1165 709 1206 771; x_wconf 87' lang='lat' dir='ltr'>ad</span> <span class='ocrx_word' id='word_1_26' title='bbox 1228 708 1291 774; x_wconf 91' lang='lat' dir='ltr'>hoc</span> <span class='ocrx_word' id='word_1_27' title='bbox 1313 711 1376 775; x_wconf 76' lang='lat' dir='ltr'>sibi</span> 
     </span>
     <span class='ocr_line' id='line_1_5' title="bbox 381 811 1376 898; baseline 0.002 -21"><span class='ocrx_word' id='word_1_28' title='bbox 381 816 514 893; x_wconf 85' lang='lat' dir='ltr'>donato,</span> <span class='ocrx_word' id='word_1_29' title='bbox 537 824 573 875; x_wconf 90' lang='lat' dir='ltr'>ut</span> <span class='ocrx_word' id='word_1_30' title='bbox 595 811 724 893; x_wconf 86' lang='lat' dir='ltr'>dicitur;</span> <span class='ocrx_word' id='word_1_31' title='bbox 746 832 822 897; x_wconf 78' lang='lat' dir='ltr'>ergo</span> <span class='ocrx_word' id='word_1_32' title='bbox 845 814 950 877; x_wconf 90' lang='lat' dir='ltr'>multo</span> <span class='ocrx_word' id='word_1_33' title='bbox 973 812 1073 898; x_wconf 77' lang='lat' dir='ltr'>magia</span> <span class='ocrx_word' id='word_1_34' title='bbox 1091 834 1150 898; x_wconf 89' lang='lat' dir='ltr'>pro</span> <span class='ocrx_word' id='word_1_35' title='bbox 1170 812 1376 879; x_wconf 78' lang='lat' dir='ltr'>confessione</span> 
     </span>
    </p>

    <p class='ocr_par' dir='ltr' id='par_1_3' title="bbox 299 915 1557 3929">
     <span class='ocr_line' id='line_1_6' title="bbox 357 915 1377 1002; baseline 0.001 -20"><span class='ocrx_word' id='word_1_36' title='bbox 357 916 495 992; x_wconf 77' lang='lat' dir='ltr'>shumili</span> <span class='ocrx_word' id='word_1_37' title='bbox 520 915 666 980; x_wconf 81' lang='lat' dir='ltr'>ueritatis.</span> <span class='ocrx_word' id='word_1_38' title='bbox 704 918 796 980; x_wconf 86' lang='lat' dir='ltr'>l‘ono</span> <span class='ocrx_word' id='word_1_39' title='bbox 819 916 948 1001; x_wconf 78' lang='lat' dir='ltr'>insuper</span> <span class='ocrx_word' id='word_1_40' title='bbox 968 917 1055 1002; x_wconf 92' lang='lat' dir='ltr'>quod</span> <span class='ocrx_word' id='word_1_41' title='bbox 1076 918 1185 981; x_wconf 73' lang='lat' dir='ltr'>Petrus</span> <span class='ocrx_word' id='word_1_42' title='bbox 1208 917 1377 983; x_wconf 78' lang='lat' dir='ltr'>maleficus</span> 
     </span>
     <span class='ocr_line' id='line_1_7' title="bbox 382 1021 1377 1106; baseline 0 -19"><span class='ocrx_word' id='word_1_43' title='bbox 382 1024 503 1087; x_wconf 80' lang='lat' dir='ltr'>intrans</span> <span class='ocrx_word' id='word_1_44' title='bbox 539 1021 864 1086; x_wconf 77' lang='lat' dir='ltr'>Westmonasterium</span> <span class='ocrx_word' id='word_1_45' title='bbox 896 1043 955 1106; x_wconf 87' lang='lat' dir='ltr'>pro</span> <span class='ocrx_word' id='word_1_46' title='bbox 985 1021 1186 1086; x_wconf 90' lang='lat' dir='ltr'>immunitate</span> <span class='ocrx_word' id='word_1_47' title='bbox 1226 1022 1377 1087; x_wconf 85' lang='lat' dir='ltr'>habenda</span> 
     </span>
     <span class='ocr_line' id='line_1_8' title="bbox 382 1125 1375 1215; baseline 0.003 -26"><span class='ocrx_word' id='word_1_48' title='bbox 382 1127 422 1190; x_wconf 82' lang='lat' dir='ltr'>ait</span> <span class='ocrx_word' id='word_1_49' title='bbox 449 1125 554 1211; x_wconf 91' lang='lat' dir='ltr'>primo</span> <span class='ocrx_word' id='word_1_50' title='bbox 579 1125 789 1215; x_wconf 75' lang='lat' dir='ltr'>interrogatur</span> <span class='ocrx_word' id='word_1_51' title='bbox 815 1147 834 1189; x_wconf 93' lang='lat' dir='ltr'>a</span> <span class='ocrx_word' id='word_1_52' title='bbox 857 1125 1020 1210; x_wconf 85' lang='lat' dir='ltr'>preposito</span> <span class='ocrx_word' id='word_1_53' title='bbox 1048 1127 1324 1202; x_wconf 79' lang='lat' dir='ltr'>Westmonaaterii</span> <span class='ocrx_word' id='word_1_54' title='bbox 1348 1129 1375 1192; x_wconf 80' lang='lat' dir='ltr'>ei</span> 
     </span>
     <span class='ocr_line' id='line_1_9' title="bbox 382 1230 1377 1317; baseline 0.004 -24"><span class='ocrx_word' id='word_1_55' title='bbox 382 1230 511 1295; x_wconf 86' lang='lat' dir='ltr'>habebit</span> <span class='ocrx_word' id='word_1_56' title='bbox 532 1230 768 1295; x_wconf 85' lang='lat' dir='ltr'>immunitatem</span> <span class='ocrx_word' id='word_1_57' title='bbox 795 1230 828 1294; x_wconf 91' lang='lat' dir='ltr'>in</span> <span class='ocrx_word' id='word_1_58' title='bbox 861 1230 944 1295; x_wconf 89' lang='lat' dir='ltr'>dicta</span> <span class='ocrx_word' id='word_1_59' title='bbox 967 1231 1095 1296; x_wconf 78' lang='lat' dir='ltr'>ecclesia</span> <span class='ocrx_word' id='word_1_60' title='bbox 1119 1238 1157 1296; x_wconf 87' lang='lat' dir='ltr'>et&#39;</span> <span class='ocrx_word' id='word_1_61' title='bbox 1173 1252 1263 1316; x_wconf 89' lang='lat' dir='ltr'>pono</span> <span class='ocrx_word' id='word_1_62' title='bbox 1281 1234 1377 1317; x_wconf 92' lang='lat' dir='ltr'>quod</span> 
     </span>
     <span class='ocr_line' id='line_1_10' title="bbox 316 1334 1379 1419; baseline -0.001 -18"><span class='ocrx_word' id='word_1_63' title='bbox 316 1354 373 1408; x_wconf 63' lang='lat' dir='ltr'>m·</span> <span class='ocrx_word' id='word_1_64' title='bbox 383 1337 493 1401; x_wconf 79' lang='lat' dir='ltr'>Petrus</span> <span class='ocrx_word' id='word_1_65' title='bbox 509 1334 655 1399; x_wconf 82' lang='lat' dir='ltr'>conscius</span> <span class='ocrx_word' id='word_1_66' title='bbox 679 1334 737 1398; x_wconf 86' lang='lat' dir='ltr'>sibi</span> <span class='ocrx_word' id='word_1_67' title='bbox 753 1355 791 1398; x_wconf 82' lang='lat' dir='ltr'>ex</span> <span class='ocrx_word' id='word_1_68' title='bbox 812 1334 965 1419; x_wconf 71' lang='lat' dir='ltr'>dignitate</span> <span class='ocrx_word' id='word_1_69' title='bbox 979 1349 1138 1400; x_wconf 79' lang='lat' dir='ltr'>contrecta</span> <span class='ocrx_word' id='word_1_70' title='bbox 1152 1335 1173 1381; x_wconf 68' lang='lat'><em>2</em></span> <span class='ocrx_word' id='word_1_71' title='bbox 1186 1337 1226 1400; x_wconf 88' lang='lat' dir='ltr'>de</span> <span class='ocrx_word' id='word_1_72' title='bbox 1241 1336 1379 1402; x_wconf 84' lang='lat' dir='ltr'>crimine</span> 
     </span>
     <span class='ocr_line' id='line_1_11' title="bbox 344 1438 1377 1526; baseline 0.002 -22"><span class='ocrx_word' id='word_1_73' title='bbox 344 1477 374 1512; x_wconf 79' lang='lat' dir='ltr'>io</span> <span class='ocrx_word' id='word_1_74' title='bbox 385 1441 467 1504; x_wconf 88' lang='lat' dir='ltr'>dicat</span> <span class='ocrx_word' id='word_1_75' title='bbox 477 1440 678 1524; x_wconf 77' lang='lat' dir='ltr'>desperando</span> <span class='ocrx_word' id='word_1_76' title='bbox 693 1439 734 1503; x_wconf 88' lang='lat' dir='ltr'>de</span> <span class='ocrx_word' id='word_1_77' title='bbox 748 1438 839 1501; x_wconf 77' lang='lat' dir='ltr'>uenia</span> <span class='ocrx_word' id='word_1_78' title='bbox 849 1438 981 1504; x_wconf 76' lang='lat' dir='ltr'>reluere</span> <span class='ocrx_word' id='word_1_79' title='bbox 997 1442 1172 1525; x_wconf 87' lang='lat' dir='ltr'>reputando</span> <span class='ocrx_word' id='word_1_80' title='bbox 1188 1461 1221 1505; x_wconf 84' lang='lat' dir='ltr'>se</span> <span class='ocrx_word' id='word_1_81' title='bbox 1236 1440 1377 1526; x_wconf 81' lang='lat' dir='ltr'>dignum</span> 
     </span>
     <span class='ocr_line' id='line_1_12' title="bbox 383 1543 1377 1630; baseline 0.001 -20"><span class='ocrx_word' id='word_1_82' title='bbox 383 1559 489 1610; x_wconf 88' lang='lat' dir='ltr'>morte</span> <span class='ocrx_word' id='word_1_83' title='bbox 512 1543 692 1628; x_wconf 87' lang='lat' dir='ltr'>temporali,</span> <span class='ocrx_word' id='word_1_84' title='bbox 721 1544 811 1630; x_wconf 91' lang='lat' dir='ltr'>quod</span> <span class='ocrx_word' id='word_1_85' title='bbox 834 1564 900 1608; x_wconf 90' lang='lat' dir='ltr'>non</span> <span class='ocrx_word' id='word_1_86' title='bbox 923 1544 1050 1609; x_wconf 78' lang='lat' dir='ltr'>habebit</span> <span class='ocrx_word' id='word_1_87' title='bbox 1072 1543 1306 1610; x_wconf 85' lang='lat' dir='ltr'>immunitatem</span> <span class='ocrx_word' id='word_1_88' title='bbox 1341 1547 1377 1611; x_wconf 90' lang='lat' dir='ltr'>in</span> 
     </span>
     <span class='ocr_line' id='line_1_13' title="bbox 382 1647 1376 1734; baseline 0.002 -22"><span class='ocrx_word' id='word_1_89' title='bbox 382 1650 465 1713; x_wconf 87' lang='lat' dir='ltr'>dicta</span> <span class='ocrx_word' id='word_1_90' title='bbox 497 1649 641 1730; x_wconf 75' lang='lat' dir='ltr'>ecclesia3</span> <span class='ocrx_word' id='word_1_91' title='bbox 672 1662 749 1712; x_wconf 90' lang='lat' dir='ltr'>tunc</span> <span class='ocrx_word' id='word_1_92' title='bbox 778 1647 841 1713; x_wconf 81' lang='lat' dir='ltr'>isto</span> <span class='ocrx_word' id='word_1_93' title='bbox 871 1668 945 1712; x_wconf 77' lang='lat' dir='ltr'>casu</span> <span class='ocrx_word' id='word_1_94' title='bbox 977 1649 1115 1714; x_wconf 90' lang='lat' dir='ltr'>deducto</span> <span class='ocrx_word' id='word_1_95' title='bbox 1136 1651 1177 1713; x_wconf 89' lang='lat' dir='ltr'>ad</span> <span class='ocrx_word' id='word_1_96' title='bbox 1206 1649 1376 1734; x_wconf 86' lang='lat' dir='ltr'>placitum,</span> 
     </span>
     <span class='ocr_line' id='line_1_14' title="bbox 383 1751 1376 1839; baseline 0.001 -21"><span class='ocrx_word' id='word_1_97' title='bbox 383 1767 469 1838; x_wconf 85' lang='lat' dir='ltr'>patet</span> <span class='ocrx_word' id='word_1_98' title='bbox 500 1755 589 1839; x_wconf 90' lang='lat' dir='ltr'>quod</span> <span class='ocrx_word' id='word_1_99' title='bbox 619 1773 657 1817; x_wconf 84' lang='lat' dir='ltr'>ex</span> <span class='ocrx_word' id='word_1_100' title='bbox 689 1773 764 1816; x_wconf 82' lang='lat' dir='ltr'>casu</span> <span class='ocrx_word' id='word_1_101' title='bbox 786 1766 818 1817; x_wconf 90' lang='lat' dir='ltr'>et</span> <span class='ocrx_word' id='word_1_102' title='bbox 839 1751 908 1814; x_wconf 83' lang='lat' dir='ltr'>aliia</span> <span class='ocrx_word' id='word_1_103' title='bbox 930 1752 1176 1817; x_wconf 80' lang='lat' dir='ltr'>circumstanciia</span> <span class='ocrx_word' id='word_1_104' title='bbox 1199 1753 1310 1838; x_wconf 71' lang='lat' dir='ltr'>positia</span> <span class='ocrx_word' id='word_1_105' title='bbox 1343 1769 1376 1819; x_wconf 88' lang='lat' dir='ltr'>et</span> 
     </span>
     <span class='ocr_line' id='line_1_15' title="bbox 383 1857 1377 1943; baseline 0.005 -23"><span class='ocrx_word' id='word_1_106' title='bbox 383 1859 541 1943; x_wconf 85' lang='lat' dir='ltr'>ponendis</span> <span class='ocrx_word' id='word_1_107' title='bbox 579 1872 713 1942; x_wconf 86' lang='lat' dir='ltr'>utraque</span> <span class='ocrx_word' id='word_1_108' title='bbox 748 1878 821 1941; x_wconf 79' lang='lat' dir='ltr'>pare</span> <span class='ocrx_word' id='word_1_109' title='bbox 857 1857 1117 1922; x_wconf 82' lang='lat' dir='ltr'>contradiccionia</span> <span class='ocrx_word' id='word_1_110' title='bbox 1146 1857 1298 1943; x_wconf 76' lang='lat' dir='ltr'>sequitur,</span> <span class='ocrx_word' id='word_1_111' title='bbox 1338 1870 1377 1926; x_wconf 89' lang='lat' dir='ltr'>ut</span> 
     </span>
     <span class='ocr_line' id='line_1_16' title="bbox 345 1961 1378 2047; baseline 0.005 -23"><span class='ocrx_word' id='word_1_112' title='bbox 345 1978 542 2031; x_wconf 64' lang='lat' dir='ltr'>,snoterunt</span> <span class='ocrx_word' id='word_1_113' title='bbox 564 1963 707 2047; x_wconf 80' lang='lat' dir='ltr'>sophiste</span> <span class='ocrx_word' id='word_1_114' title='bbox 730 1963 761 2025; x_wconf 92' lang='lat' dir='ltr'>in</span> <span class='ocrx_word' id='word_1_115' title='bbox 790 1961 920 2027; x_wconf 87' lang='lat' dir='ltr'>materia</span> <span class='ocrx_word' id='word_1_116' title='bbox 942 1961 1170 2030; x_wconf 77' lang='lat' dir='ltr'>insolubilium.</span> <span class='ocrx_word' id='word_1_117' title='bbox 1202 1965 1243 2028; x_wconf 86' lang='lat' dir='ltr'>Et</span> <span class='ocrx_word' id='word_1_118' title='bbox 1266 1984 1378 2029; x_wconf 82' lang='lat' dir='ltr'>reuera</span> 
     </span>
     <span class='ocr_line' id='line_1_17' title="bbox 370 2065 1377 2153; baseline 0.002 -24"><span class='ocrx_word' id='word_1_119' title='bbox 370 2067 517 2153; x_wconf 21' lang='lat' dir='ltr'>„quilibet</span> <span class='ocrx_word' id='word_1_120' title='bbox 540 2067 661 2131; x_wconf 79' lang='lat' dir='ltr'>intrans</span> <span class='ocrx_word' id='word_1_121' title='bbox 684 2067 793 2130; x_wconf 88' lang='lat' dir='ltr'>limina</span> <span class='ocrx_word' id='word_1_122' title='bbox 813 2067 951 2147; x_wconf 81' lang='lat' dir='ltr'>ecclesie,</span> <span class='ocrx_word' id='word_1_123' title='bbox 967 2080 1003 2131; x_wconf 89' lang='lat' dir='ltr'>ut</span> <span class='ocrx_word' id='word_1_124' title='bbox 1025 2067 1166 2132; x_wconf 83' lang='lat' dir='ltr'>loteatur</span> <span class='ocrx_word' id='word_1_125' title='bbox 1180 2065 1212 2129; x_wconf 91' lang='lat' dir='ltr'>in</span> <span class='ocrx_word' id='word_1_126' title='bbox 1228 2067 1377 2149; x_wconf 86' lang='lat' dir='ltr'>crimine,</span> 
     </span>
     <span class='ocr_line' id='line_1_18' title="bbox 383 2171 1462 2255; baseline 0.005 -22"><span class='ocrx_word' id='word_1_127' title='bbox 383 2173 492 2235; x_wconf 82' lang='lat' dir='ltr'>incidit</span> <span class='ocrx_word' id='word_1_128' title='bbox 524 2172 713 2255; x_wconf 78' lang='lat' dir='ltr'>culpabilius</span> <span class='ocrx_word' id='word_1_129' title='bbox 757 2172 788 2235; x_wconf 93' lang='lat' dir='ltr'>in</span> <span class='ocrx_word' id='word_1_130' title='bbox 826 2172 955 2236; x_wconf 88' lang='lat' dir='ltr'>materia</span> <span class='ocrx_word' id='word_1_131' title='bbox 992 2171 1151 2237; x_wconf 84' lang='lat' dir='ltr'>insolubili</span> <span class='ocrx_word' id='word_1_132' title='bbox 1188 2172 1375 2237; x_wconf 81' lang='lat' dir='ltr'>cuiusmodi</span> <span class='ocrx_word' id='word_1_133' title='bbox 1459 2202 1462 2207; x_wconf 93' lang='lat'>·</span> 
     </span>
     <span class='ocr_line' id='line_1_19' title="bbox 383 2276 1378 2361; baseline 0.004 -22"><span class='ocrx_word' id='word_1_134' title='bbox 383 2291 429 2339; x_wconf 85' lang='lat' dir='ltr'>est</span> <span class='ocrx_word' id='word_1_135' title='bbox 461 2290 638 2359; x_wconf 79' lang='lat' dir='ltr'>peccatum,</span> <span class='ocrx_word' id='word_1_136' title='bbox 670 2296 770 2361; x_wconf 91' lang='lat' dir='ltr'>quam</span> <span class='ocrx_word' id='word_1_137' title='bbox 792 2276 934 2361; x_wconf 76' lang='lat' dir='ltr'>requitur</span> <span class='ocrx_word' id='word_1_138' title='bbox 955 2278 1081 2342; x_wconf 86' lang='lat' dir='ltr'>Petrum</span> <span class='ocrx_word' id='word_1_139' title='bbox 1105 2277 1252 2343; x_wconf 88' lang='lat' dir='ltr'>incidere.</span> <span class='ocrx_word' id='word_1_140' title='bbox 1280 2278 1378 2343; x_wconf 87' lang='lat' dir='ltr'>Unde</span> 
     </span>
     <span class='ocr_line' id='line_1_20' title="bbox 384 2380 1376 2467; baseline 0.006 -26"><span class='ocrx_word' id='word_1_141' title='bbox 384 2400 444 2463; x_wconf 83' lang='lat' dir='ltr'>ego</span> <span class='ocrx_word' id='word_1_142' title='bbox 468 2380 575 2444; x_wconf 86' lang='lat' dir='ltr'>nescio</span> <span class='ocrx_word' id='word_1_143' title='bbox 598 2381 688 2444; x_wconf 82' lang='lat' dir='ltr'>aliter</span> <span class='ocrx_word' id='word_1_144' title='bbox 710 2381 830 2444; x_wconf 85' lang='lat' dir='ltr'>soluere</span> <span class='ocrx_word' id='word_1_145' title='bbox 853 2401 911 2445; x_wconf 86' lang='lat' dir='ltr'>nec</span> <span class='ocrx_word' id='word_1_146' title='bbox 933 2382 1027 2445; x_wconf 93' lang='lat' dir='ltr'>credo</span> <span class='ocrx_word' id='word_1_147' title='bbox 1049 2382 1147 2445; x_wconf 84' lang='lat' dir='ltr'>ulium</span> <span class='ocrx_word' id='word_1_148' title='bbox 1173 2402 1376 2467; x_wconf 87' lang='lat' dir='ltr'>quemquam</span> 
     </span>
     <span class='ocr_line' id='line_1_21' title="bbox 343 2485 1378 2570; baseline 0.007 -24"><span class='ocrx_word' id='word_1_149' title='bbox 343 2517 374 2553; x_wconf 74' lang='lat'>20</span> <span class='ocrx_word' id='word_1_150' title='bbox 385 2485 473 2564; x_wconf 87' lang='lat' dir='ltr'>scire,</span> <span class='ocrx_word' id='word_1_151' title='bbox 501 2485 558 2546; x_wconf 83' lang='lat' dir='ltr'>nisi</span> <span class='ocrx_word' id='word_1_152' title='bbox 583 2486 673 2569; x_wconf 93' lang='lat' dir='ltr'>quod</span> <span class='ocrx_word' id='word_1_153' title='bbox 695 2486 815 2549; x_wconf 90' lang='lat' dir='ltr'>dictum</span> <span class='ocrx_word' id='word_1_154' title='bbox 840 2499 990 2549; x_wconf 82' lang='lat' dir='ltr'>uocatum</span> <span class='ocrx_word' id='word_1_155' title='bbox 1013 2486 1213 2570; x_wconf 81' lang='lat' dir='ltr'>privilegium</span> <span class='ocrx_word' id='word_1_156' title='bbox 1236 2507 1303 2549; x_wconf 94' lang='lat' dir='ltr'>non</span> <span class='ocrx_word' id='word_1_157' title='bbox 1326 2504 1378 2553; x_wconf 75' lang='lat' dir='ltr'>eet</span> 
     </span>
     <span class='ocr_line' id='line_1_22' title="bbox 385 2588 1557 2677; baseline 0.008 -26"><span class='ocrx_word' id='word_1_158' title='bbox 385 2589 596 2671; x_wconf 84' lang='lat' dir='ltr'>privilegium,</span> <span class='ocrx_word' id='word_1_159' title='bbox 627 2590 791 2674; x_wconf 89' lang='lat' dir='ltr'>quianon</span> <span class='ocrx_word' id='word_1_160' title='bbox 823 2605 871 2653; x_wconf 79' lang='lat' dir='ltr'>est</span> <span class='ocrx_word' id='word_1_161' title='bbox 902 2588 1062 2653; x_wconf 79' lang='lat' dir='ltr'>fundabile</span> <span class='ocrx_word' id='word_1_162' title='bbox 1087 2590 1119 2652; x_wconf 93' lang='lat' dir='ltr'>in</span> <span class='ocrx_word' id='word_1_163' title='bbox 1143 2590 1311 2675; x_wconf 61' lang='lat' dir='ltr'>scriptum</span> <span class='ocrx_word' id='word_1_164' title='bbox 1344 2607 1378 2657; x_wconf 87' lang='lat' dir='ltr'>et</span> <span class='ocrx_word' id='word_1_165' title='bbox 1418 2611 1557 2677; x_wconf 65' lang='lat' dir='ltr'>&#39;ructuat</span> 
     </span>
     <span class='ocr_line' id='line_1_23' title="bbox 385 2665 1557 2779; baseline 0.009 -25"><span class='ocrx_word' id='word_1_166' title='bbox 385 2695 427 2757; x_wconf 87' lang='lat' dir='ltr'>ita</span> <span class='ocrx_word' id='word_1_167' title='bbox 457 2697 644 2779; x_wconf 77' lang='lat' dir='ltr'>generaliter</span> <span class='ocrx_word' id='word_1_168' title='bbox 675 2695 781 2758; x_wconf 83' lang='lat' dir='ltr'>omnis</span> <span class='ocrx_word' id='word_1_169' title='bbox 815 2694 866 2757; x_wconf 86' lang='lat' dir='ltr'>lex</span> <span class='ocrx_word' id='word_1_170' title='bbox 898 2695 1019 2777; x_wconf 82' lang='lat' dir='ltr'>privata</span> <span class='ocrx_word' id='word_1_171' title='bbox 1051 2716 1115 2757; x_wconf 93' lang='lat' dir='ltr'>non</span> <span class='ocrx_word' id='word_1_172' title='bbox 1148 2693 1318 2758; x_wconf 75' lang='lat' dir='ltr'>lundnbili‘s</span> <span class='ocrx_word' id='word_1_173' title='bbox 1342 2697 1376 2760; x_wconf 93' lang='lat' dir='ltr'>in</span> <span class='ocrx_word' id='word_1_174' title='bbox 1398 2665 1557 2775; x_wconf 50' lang='lat' dir='ltr'>t&#39;im‘fffi</span> 
     </span>
     <span class='ocr_line' id='line_1_24' title="bbox 385 2798 1378 2883; baseline 0.002 -22"><span class='ocrx_word' id='word_1_175' title='bbox 385 2801 538 2883; x_wconf 84' lang='lat' dir='ltr'>scriptura</span> <span class='ocrx_word' id='word_1_176' title='bbox 564 2820 630 2861; x_wconf 91' lang='lat' dir='ltr'>non</span> <span class='ocrx_word' id='word_1_177' title='bbox 654 2813 701 2861; x_wconf 88' lang='lat' dir='ltr'>est</span> <span class='ocrx_word' id='word_1_178' title='bbox 727 2798 938 2882; x_wconf 76' lang='lat' dir='ltr'>privilegium,</span> <span class='ocrx_word' id='word_1_179' title='bbox 960 2799 1034 2883; x_wconf 89' lang='lat' dir='ltr'>quia</span> <span class='ocrx_word' id='word_1_180' title='bbox 1056 2819 1121 2862; x_wconf 94' lang='lat' dir='ltr'>non</span> <span class='ocrx_word' id='word_1_181' title='bbox 1143 2799 1288 2862; x_wconf 83' lang='lat' dir='ltr'>cedit&#39;ad</span> <span class='ocrx_word' id='word_1_182' title='bbox 1310 2800 1378 2863; x_wconf 88' lang='lat' dir='ltr'>uti·</span> 
     </span>
     <span class='ocr_line' id='line_1_25' title="bbox 386 2902 1380 2989; baseline 0.001 -21"><span class='ocrx_word' id='word_1_183' title='bbox 386 2906 505 2969; x_wconf 88' lang='lat' dir='ltr'>litatem</span> <span class='ocrx_word' id='word_1_184' title='bbox 533 2904 672 2983; x_wconf 82' lang='lat' dir='ltr'>ecclesie,</span> <span class='ocrx_word' id='word_1_185' title='bbox 701 2924 775 2966; x_wconf 91' lang='lat' dir='ltr'>curn</span> <span class='ocrx_word' id='word_1_186' title='bbox 804 2902 854 2989; x_wconf 87' lang='lat' dir='ltr'>(ut</span> <span class='ocrx_word' id='word_1_187' title='bbox 881 2904 956 2966; x_wconf 89' lang='lat' dir='ltr'>dicit</span> <span class='ocrx_word' id='word_1_188' title='bbox 978 2902 1189 2989; x_wconf 64' lang='lat' dir='ltr'>Augustinus)</span> <span class='ocrx_word' id='word_1_189' title='bbox 1221 2905 1380 2988; x_wconf 74' lang='lat' dir='ltr'>quicquid</span> 
     </span>
     <span class='ocr_line' id='line_1_26' title="bbox 345 3007 1380 3077; baseline -0.002 0"><span class='ocrx_word' id='word_1_190' title='bbox 345 3027 375 3077; x_wconf 77' lang='lat'>25</span> <span class='ocrx_word' id='word_1_191' title='bbox 386 3013 465 3072; x_wconf 85' lang='lat' dir='ltr'>utile</span> <span class='ocrx_word' id='word_1_192' title='bbox 486 3020 534 3072; x_wconf 82' lang='lat' dir='ltr'>est</span> <span class='ocrx_word' id='word_1_193' title='bbox 560 3011 606 3073; x_wconf 85' lang='lat' dir='ltr'>ibi</span> <span class='ocrx_word' id='word_1_194' title='bbox 631 3010 806 3071; x_wconf 81' lang='lat' dir='ltr'>inuenitur.</span> <span class='ocrx_word' id='word_1_195' title='bbox 840 3007 927 3071; x_wconf 84' lang='lat' dir='ltr'>Etsi</span> <span class='ocrx_word' id='word_1_196' title='bbox 950 3008 1067 3071; x_wconf 87' lang='lat' dir='ltr'>claudit</span> <span class='ocrx_word' id='word_1_197' title='bbox 1088 3008 1380 3075; x_wconf 88' lang='lat' dir='ltr'>contradiccionem</span> 
     </span>
     <span class='ocr_line' id='line_1_27' title="bbox 299 3111 1380 3196; baseline 0.005 -23"><span class='ocrx_word' id='word_1_198' title='bbox 299 3176 302 3181; x_wconf 21' lang='lat'><strong>⁴</strong></span> <span class='ocrx_word' id='word_1_199' title='bbox 385 3113 474 3194; x_wconf 93' lang='lat' dir='ltr'>quod</span> <span class='ocrx_word' id='word_1_200' title='bbox 508 3112 566 3173; x_wconf 91' lang='lat' dir='ltr'>ltoc</span> <span class='ocrx_word' id='word_1_201' title='bbox 598 3113 638 3175; x_wconf 90' lang='lat' dir='ltr'>sit</span> <span class='ocrx_word' id='word_1_202' title='bbox 661 3111 873 3196; x_wconf 80' lang='lat' dir='ltr'>privilegium,</span> <span class='ocrx_word' id='word_1_203' title='bbox 902 3112 1005 3175; x_wconf 90' lang='lat' dir='ltr'>multo</span> <span class='ocrx_word' id='word_1_204' title='bbox 1028 3112 1127 3196; x_wconf 82' lang='lat' dir='ltr'>magis</span> <span class='ocrx_word' id='word_1_205' title='bbox 1155 3112 1261 3176; x_wconf 79' lang='lat' dir='ltr'>omnis</span> <span class='ocrx_word' id='word_1_206' title='bbox 1284 3134 1380 3178; x_wconf 76' lang='lat' dir='ltr'>casus</span> 
     </span>
     <span class='ocr_line' id='line_1_28' title="bbox 386 3214 1381 3303; baseline 0.01 -29"><span class='ocrx_word' id='word_1_207' title='bbox 386 3214 418 3276; x_wconf 93' lang='lat' dir='ltr'>in</span> <span class='ocrx_word' id='word_1_208' title='bbox 450 3235 516 3298; x_wconf 93' lang='lat' dir='ltr'>quo</span> <span class='ocrx_word' id='word_1_209' title='bbox 548 3217 680 3299; x_wconf 85' lang='lat' dir='ltr'>ponitur</span> <span class='ocrx_word' id='word_1_210' title='bbox 710 3217 776 3278; x_wconf 88' lang='lat' dir='ltr'>dari</span> <span class='ocrx_word' id='word_1_211' title='bbox 803 3216 1003 3300; x_wconf 86' lang='lat' dir='ltr'>privilegium</span> <span class='ocrx_word' id='word_1_212' title='bbox 1027 3217 1110 3297; x_wconf 88' lang='lat' dir='ltr'>loco,</span> <span class='ocrx_word' id='word_1_213' title='bbox 1133 3230 1168 3280; x_wconf 89' lang='lat' dir='ltr'>ut</span> <span class='ocrx_word' id='word_1_214' title='bbox 1191 3218 1381 3303; x_wconf 84' lang='lat' dir='ltr'>quicunque</span> 
     </span>
     <span class='ocr_line' id='line_1_29' title="bbox 387 3308 1379 3406; baseline 0.008 -27"><span class='ocrx_word' id='word_1_215' title='bbox 387 3318 547 3382; x_wconf 81' lang='lat' dir='ltr'>intraverit</span> <span class='ocrx_word' id='word_1_216' title='bbox 579 3341 654 3383; x_wconf 90' lang='lat' dir='ltr'>cum</span> <span class='ocrx_word' id='word_1_217' title='bbox 687 3341 881 3405; x_wconf 87' lang='lat' dir='ltr'>quocunque</span> <span class='ocrx_word' id='word_1_218' title='bbox 904 3321 1044 3400; x_wconf 87' lang='lat' dir='ltr'>crimine,</span> <span class='ocrx_word' id='word_1_219' title='bbox 1065 3308 1203 3406; x_wconf 54' lang='lat' dir='ltr'>gaudeat</span> <span class='ocrx_word' id='word_1_220' title='bbox 1222 3322 1379 3386; x_wconf 88' lang='lat' dir='ltr'>immuni·</span> 
     </span>
     <span class='ocr_line' id='line_1_30' title="bbox 386 3426 1381 3511; baseline 0.009 -28"><span class='ocrx_word' id='word_1_221' title='bbox 386 3434 448 3486; x_wconf 87' lang='lat' dir='ltr'>tate</span> <span class='ocrx_word' id='word_1_222' title='bbox 479 3426 550 3488; x_wconf 83' lang='lat' dir='ltr'>date</span> <span class='ocrx_word' id='word_1_223' title='bbox 582 3426 728 3505; x_wconf 87' lang='lat' dir='ltr'>ecclesie;</span> <span class='ocrx_word' id='word_1_224' title='bbox 759 3426 839 3489; x_wconf 88' lang='lat' dir='ltr'>illud</span> <span class='ocrx_word' id='word_1_225' title='bbox 873 3427 958 3489; x_wconf 92' lang='lat' dir='ltr'>enim</span> <span class='ocrx_word' id='word_1_226' title='bbox 989 3442 1036 3491; x_wconf 83' lang='lat' dir='ltr'>est</span> <span class='ocrx_word' id='word_1_227' title='bbox 1071 3426 1266 3510; x_wconf 80' lang='lat' dir='ltr'>impossibile</span> <span class='ocrx_word' id='word_1_228' title='bbox 1304 3428 1381 3511; x_wconf 76' lang='lat' dir='ltr'>plue</span> 
     </span>
     <span class='ocr_line' id='line_1_31' title="bbox 344 3528 1379 3616; baseline 0.008 -28"><span class='ocrx_word' id='word_1_229' title='bbox 344 3547 376 3596; x_wconf 84' lang='lat'>30</span> <span class='ocrx_word' id='word_1_230' title='bbox 386 3528 572 3612; x_wconf 83' lang='lat' dir='ltr'>elongatum</span> <span class='ocrx_word' id='word_1_231' title='bbox 594 3532 634 3592; x_wconf 87' lang='lat' dir='ltr'>ab</span> <span class='ocrx_word' id='word_1_232' title='bbox 657 3531 847 3614; x_wconf 80' lang='lat' dir='ltr'>apparencia</span> <span class='ocrx_word' id='word_1_233' title='bbox 863 3552 961 3616; x_wconf 89' lang='lat' dir='ltr'>quarn</span> <span class='ocrx_word' id='word_1_234' title='bbox 977 3532 1154 3616; x_wconf 80' lang='lat' dir='ltr'>precedens.</span> <span class='ocrx_word' id='word_1_235' title='bbox 1178 3529 1263 3594; x_wconf 91' lang='lat' dir='ltr'>Cum</span> <span class='ocrx_word' id='word_1_236' title='bbox 1282 3533 1379 3597; x_wconf 84' lang='lat' dir='ltr'>multi</span> 
     </span>
     <span class='ocr_line' id='line_1_32' title="bbox 387 3633 1380 3720; baseline 0.009 -26"><span class='ocrx_word' id='word_1_237' title='bbox 387 3633 504 3698; x_wconf 89' lang='lat' dir='ltr'>intrant</span> <span class='ocrx_word' id='word_1_238' title='bbox 528 3637 744 3699; x_wconf 79' lang='lat' dir='ltr'>sanctuarium</span> <span class='ocrx_word' id='word_1_239' title='bbox 776 3653 849 3699; x_wconf 91' lang='lat' dir='ltr'>cum</span> <span class='ocrx_word' id='word_1_240' title='bbox 882 3637 937 3699; x_wconf 92' lang='lat' dir='ltr'>illo</span> <span class='ocrx_word' id='word_1_241' title='bbox 968 3651 1107 3720; x_wconf 84' lang='lat' dir='ltr'>peccato,</span> <span class='ocrx_word' id='word_1_242' title='bbox 1130 3638 1262 3701; x_wconf 81' lang='lat' dir='ltr'>&#39;racione</span> <span class='ocrx_word' id='word_1_243' title='bbox 1284 3638 1380 3704; x_wconf 77' lang='lat' dir='ltr'>cuiue</span> 
     </span>
     <span class='ocr_line' id='line_1_33' title="bbox 387 3740 1379 3827; baseline 0.008 -27"><span class='ocrx_word' id='word_1_244' title='bbox 387 3753 535 3801; x_wconf 89' lang='lat' dir='ltr'>tenentur</span> <span class='ocrx_word' id='word_1_245' title='bbox 571 3740 714 3804; x_wconf 88' lang='lat' dir='ltr'>amittere</span> <span class='ocrx_word' id='word_1_246' title='bbox 751 3741 939 3823; x_wconf 88' lang='lat' dir='ltr'>libertatem,</span> <span class='ocrx_word' id='word_1_247' title='bbox 971 3761 1048 3824; x_wconf 88' lang='lat' dir='ltr'>ymo</span> <span class='ocrx_word' id='word_1_248' title='bbox 1071 3762 1145 3804; x_wconf 89' lang='lat' dir='ltr'>cum</span> <span class='ocrx_word' id='word_1_249' title='bbox 1183 3741 1379 3827; x_wconf 88' lang='lat' dir='ltr'>principium</span> 
     </span>
     <span class='ocr_line' id='line_1_34' title="bbox 387 3843 1378 3929; baseline 0.004 -24"><span class='ocrx_word' id='word_1_250' title='bbox 387 3843 532 3925; x_wconf 87' lang='lat' dir='ltr'>Gregorii</span> <span class='ocrx_word' id='word_1_251' title='bbox 564 3845 604 3908; x_wconf 90' lang='lat' dir='ltr'>sit</span> <span class='ocrx_word' id='word_1_252' title='bbox 631 3866 742 3907; x_wconf 91' lang='lat' dir='ltr'>verum</span> <span class='ocrx_word' id='word_1_253' title='bbox 766 3845 854 3929; x_wconf 94' lang='lat' dir='ltr'>quod</span> <span class='ocrx_word' id='word_1_254' title='bbox 876 3845 981 3907; x_wconf 81' lang='lat' dir='ltr'>omnis</span> <span class='ocrx_word' id='word_1_255' title='bbox 1004 3860 1034 3908; x_wconf 88' lang='lat' dir='ltr'>et</span> <span class='ocrx_word' id='word_1_256' title='bbox 1056 3845 1241 3928; x_wconf 79' lang='lat' dir='ltr'>specialiter¹</span> <span class='ocrx_word' id='word_1_257' title='bbox 1259 3847 1378 3929; x_wconf 79' lang='lat' dir='ltr'>preaci-</span> 
     </span>
    </p>
   </div>
   <div class='ocr_carea' id='block_1_3' title="bbox 387 4066 1381 4332">
    <p class='ocr_par' dir='ltr' id='par_1_4' title="bbox 387 4066 1381 4332">
     <span class='ocr_line' id='line_1_35' title="bbox 427 4066 1380 4122; baseline 0.006 -14"><span class='ocrx_word' id='word_1_258' title='bbox 427 4078 450 4122; x_wconf 76' lang='lat' dir='ltr'>o.</span> <span class='ocrx_word' id='word_1_259' title='bbox 473 4067 502 4119; x_wconf 86' lang='grc' dir='ltr'>Α,</span> <span class='ocrx_word' id='word_1_260' title='bbox 521 4066 640 4122; x_wconf 69' lang='lat' dir='ltr'>corrigere</span> <span class='ocrx_word' id='word_1_261' title='bbox 658 4066 719 4110; x_wconf 77' lang='lat' dir='ltr'>tulte</span> <span class='ocrx_word' id='word_1_262' title='bbox 741 4079 769 4109; x_wconf 80' lang='lat' dir='ltr'>ea</span> <span class='ocrx_word' id='word_1_263' title='bbox 783 4066 895 4122; x_wconf 77' lang='lat' dir='ltr'>gravitate</span> <span class='ocrx_word' id='word_1_264' title='bbox 909 4074 1035 4111; x_wconf 82' lang='lat' dir='ltr'>contracta.</span> <span class='ocrx_word' id='word_1_265' title='bbox 1141 4066 1171 4112; x_wconf 72' lang='lat' dir='ltr'>tl.</span> <span class='ocrx_word' id='word_1_266' title='bbox 1185 4068 1208 4110; x_wconf 82' lang='grc' dir='ltr'><strong>Α</strong></span> <span class='ocrx_word' id='word_1_267' title='bbox 1221 4067 1266 4122; x_wconf 52' lang='lat' dir='ltr'>Am</span> <span class='ocrx_word' id='word_1_268' title='bbox 1281 4079 1338 4113; x_wconf 61' lang='lat' dir='ltr'>cau</span> <span class='ocrx_word' id='word_1_269' title='bbox 1353 4077 1380 4114; x_wconf 84' lang='lat' dir='ltr'>et</span> 
     </span>
     <span class='ocr_line' id='line_1_36' title="bbox 387 4133 1381 4192; baseline 0.005 -15"><span class='ocrx_word' id='word_1_270' title='bbox 387 4134 459 4178; x_wconf 71' lang='lat' dir='ltr'>dcent.</span> <span class='ocrx_word' id='word_1_271' title='bbox 567 4147 597 4191; x_wconf 88' lang='lat' dir='ltr'>t7.</span> <span class='ocrx_word' id='word_1_272' title='bbox 613 4134 638 4180; x_wconf 92' lang='lat' dir='ltr'>ln</span> <span class='ocrx_word' id='word_1_273' title='bbox 649 4135 746 4179; x_wconf 80' lang='lat' dir='ltr'>materia</span> <span class='ocrx_word' id='word_1_274' title='bbox 760 4135 894 4181; x_wconf 72' lang='lat' dir='ltr'>involubilie</span> <span class='ocrx_word' id='word_1_275' title='bbox 907 4133 1051 4192; x_wconf 83' lang='lat' dir='ltr'>auperllnum</span> <span class='ocrx_word' id='word_1_276' title='bbox 1066 4148 1118 4180; x_wconf 77' lang='lat' dir='ltr'>eree</span> <span class='ocrx_word' id='word_1_277' title='bbox 1131 4143 1153 4180; x_wconf 86' lang='lat' dir='ltr'>et</span> <span class='ocrx_word' id='word_1_278' title='bbox 1166 4148 1179 4179; x_wconf 90' lang='lat' dir='ltr'>e</span> <span class='ocrx_word' id='word_1_279' title='bbox 1193 4145 1268 4191; x_wconf 69' lang='lat' dir='ltr'>marg.</span> <span class='ocrx_word' id='word_1_280' title='bbox 1287 4135 1312 4181; x_wconf 89' lang='lat' dir='ltr'>in</span> <span class='ocrx_word' id='word_1_281' title='bbox 1325 4144 1381 4181; x_wconf 71' lang='lat' dir='ltr'>tw</span> 
     </span>
     <span class='ocr_line' id='line_1_37' title="bbox 388 4203 1378 4260; baseline 0.006 -14"><span class='ocrx_word' id='word_1_282' title='bbox 388 4211 437 4247; x_wconf 91' lang='lat' dir='ltr'>tum</span> <span class='ocrx_word' id='word_1_283' title='bbox 459 4204 571 4247; x_wconf 73' lang='lat' dir='ltr'>incidisse</span> <span class='ocrx_word' id='word_1_284' title='bbox 592 4204 691 4249; x_wconf 80' lang='lat' dir='ltr'>uidetur.</span> <span class='ocrx_word' id='word_1_285' title='bbox 798 4206 829 4249; x_wconf 65' lang='lat' dir='ltr'>tl.</span> <span class='ocrx_word' id='word_1_286' title='bbox 852 4204 882 4248; x_wconf 81' lang='lat' dir='ltr'>tt=</span> <span class='ocrx_word' id='word_1_287' title='bbox 907 4212 1027 4260; x_wconf 82' lang='lat' dir='ltr'>peecatum</span> <span class='ocrx_word' id='word_1_288' title='bbox 1048 4204 1158 4250; x_wconf 85' lang='lat' dir='ltr'>incidere.</span> <span class='ocrx_word' id='word_1_289' title='bbox 1263 4203 1297 4249; x_wconf 67' lang='grc' dir='ltr'>ε]-</span> <span class='ocrx_word' id='word_1_290' title='bbox 1316 4207 1338 4251; x_wconf 86' lang='grc' dir='ltr'><strong>Α</strong></span> <span class='ocrx_word' id='word_1_291' title='bbox 1352 4206 1378 4252; x_wconf 85' lang='lat' dir='ltr'>ln</span> 
     </span>
     <span class='ocr_line' id='line_1_38' title="bbox 388 4271 1296 4332; baseline 0.004 -18"><span class='ocrx_word' id='word_1_292' title='bbox 388 4285 475 4328; x_wconf 62' lang='lat' dir='ltr'>tuam:</span> <span class='ocrx_word' id='word_1_293' title='bbox 491 4271 625 4317; x_wconf 71' lang='lat' dir='ltr'>Conclusio.</span> <span class='ocrx_word' id='word_1_294' title='bbox 734 4272 768 4317; x_wconf 79' lang='lat'>28.</span> <span class='ocrx_word' id='word_1_295' title='bbox 784 4271 818 4318; x_wconf 80' lang='lat'>³0.</span> <span class='ocrx_word' id='word_1_296' title='bbox 833 4273 861 4319; x_wconf 80' lang='lat' dir='ltr'>tt:</span> <span class='ocrx_word' id='word_1_297' title='bbox 880 4273 1024 4319; x_wconf 77' lang='lat' dir='ltr'>immunitate</span> <span class='ocrx_word' id='word_1_298' title='bbox 1039 4296 1062 4306; x_wconf 93' lang='lat'>·-</span> <span class='ocrx_word' id='word_1_299' title='bbox 1076 4274 1208 4332; x_wconf 64' lang='lat' dir='ltr'>elongatum</span> <span class='ocrx_word' id='word_1_300' title='bbox 1223 4272 1296 4318; x_wconf 67' lang='lat' dir='ltr'>deest.</span> 
     </span>
    </p>
   </div>
   <div class='ocr_carea' id='block_1_4' title="bbox 0 0 1637 5226">
    <p class='ocr_par' dir='ltr' id='par_1_5' title="bbox 0 0 1637 5226">
     <span class='ocr_line' id='line_1_39' title="bbox 0 0 1637 5226; baseline 0 0"><span class='ocrx_word' id='word_1_301' title='bbox 0 0 1637 5226; x_wconf 95' lang='lat' dir='ltr'> </span> 
     </span>
    </p>
   </div>
  </div>
 </body>
</html>
