3262 5226
153 446 201 511 7⁰
713 408 1045 490 Joununrs'wrcur.
1228 411 1362 506 [erun.

174 625 198 659 2.
212 610 354 669 ostentam
379 608 523 677 tempore
557 613 617 657 suo
641 593 710 655 Deo
731 588 757 629 ³
773 590 944 676 presencia,
975 610 1050 654 eum
1075 590 1164 655 aliter
1185 610 1250 652 non
1274 611 1362 654 com·
1376 616 1475 672 ,3323

156 663 369 773 'infinditis'iihsi‘
377 711 550 785 poneretur
571 696 700 761 ecclesia
722 717 760 760 ex
781 696 929 761 omnibus
944 695 1049 759 electis
1063 694 1270 779 presentibus,
1292 715 1362 778 pre·

195 769 242 814 rud
256 767 334 814 tur-re

50 805 54 808 ’
157 821 239 865 mua
261 821 292 864 oe
314 832 368 878 pre·
379 803 477 869 teritis
507 816 538 866 et
570 800 695 868 futuris.
726 802 788 864 Sed
816 801 999 864 conceditur
1021 800 1193 881 conclusio,
1226 815 1262 865 ut
1286 820 1362 864 con-

181 880 234 919 Μ’
249 870 351 918 '⁰⁶⁰²
378 909 495 971 cedunt
523 906 621 970 suncti
645 904 859 988 concorditer,
883 905 966 968 unde
990 920 1115 968 sanctus
1137 905 1363 986 Thomas,‚De

379 1011 518 1092 Christo,
534 1008 738 1075 conclusione
753 1023 873 1091 octavu,
890 1008 1022 1073 articulo
1033 1009 1097 1091 111⁰,
1112 1029 1183 1072 vere
1193 1008 1365 1092 dicitquod
1374 1037 1388 1089 5

378 1135 497 1199 eorpus
526 1114 667 1178 hominis
704 1114 838 1178 ecclesie
874 1115 1078 1177 constituitur
1102 1134 1145 1178 ex
1179 1113 1364 1177 hominihus

379 1221 435 1304 qui
446 1219 594 1304 suerunt
615 1236 636 1280 a
653 1218 820 1301 principio
842 1217 957 1281 mundi
978 1238 1079 1303 usque
1099 1218 1258 1302 adfinem
1281 1219 1363 1281 eius.

172 1327 357 1426 „3:¹¹ng
378 1325 419 1389 Et
427 1321 707 1388 Chrisostomusin
725 1320 922 1406 imperfecto,
931 1321 1056 1386 Omelia
1070 1323 1193 1405 xivu,
1200 1343 1363 1407 exponens

159 1429 457 1542 23⁶⁸„¹¹¹,⁸,¹„¹2¹35¹¹ud
472 1427 603 1492 Matthei
617 1428 746 1509 xxnte,
770 1426 826 1507 34:
849 1426 933 1491 Ecce
949 1446 1010 1512 ego
1029 1428 1117 1490 mitto
1141 1427 1185 1490 ad
1205 1447 1263 1492 vos
1280 1448 1363 1511 pro·
1420 1497 1425 1508 ,

373 1534 490 1616 phetas
517 1542 549 1595 et
573 1533 748 1614 sapientes,
771 1531 908 1594 ostendit
941 1551 978 1595 ex
1011 1529 1072 1594 fide
1097 1530 1247 1614 scripture
1274 1532 1406 1615 quodm

378 1646 506 1719 oportet
525 1634 610 1700 duas
630 1637 863 1721 generaciones
887 1635 928 1698 ab
950 1633 1052 1698 Adam
1076 1655 1174 1719 usque
1197 1636 1242 1699 ad
1253 1636 1361 1721 finem

378 1741 493 1804 mundi
522 1759 736 1819 concurrere,
773 1740 896 1803 scilicet
927 1740 1182 1824 generacionem⁴
1203 1742 1362 1803 iustorum

378 1865 440 1929 que
468 1854 517 1908 est
542 1854 657 1907 sancta
684 1855 790 1907 mater
816 1844 950 1907 ecclesia
973 1853 1002 1906 et
1026 1863 1145 1927 corpus
1170 1843 1303 1924 Christi,
1332 1854 1365 1909 et

377 1952 632 2035 generacionem
661 1967 893 2032 perversorum
933 1969 993 2033 que
1028 1961 1074 2014 est
1115 1951 1250 2013 ecclesia
1294 1969 1363 2013 ma·

379 2055 582 2141 lignancium
606 2065 638 2118 et
651 2073 773 2137 corpus
788 2053 917 2118 diaboii.
934 2052 1097 2137 Omnium,
1112 2054 1224 2140 inquit,
1239 2055 1363 2138 iniquo·
1376 2082 1404 2136 ,3

381 2181 454 2224 rum
482 2169 731 2242 persecutorum
755 2168 786 2223 et
810 2157 1047 2222 homicidarum
1081 2179 1101 2222 a
1127 2160 1229 2243 Caym
1262 2179 1365 2243 usque

158 2286 199 2332 an
220 2284 259 2330 rue
279 2282 371 2328 meru
382 2264 425 2329 ad
435 2265 542 2350 finem
568 2263 684 2328 mundi
707 2283 772 2326 una
793 2265 969 2348 generacio
992 2274 1055 2328 est:
1076 2274 1106 2330 et
1126 2268 1233 2328 sinon
1250 2283 1364 2328 omnes

158 2340 525 2453 “¹¹¹iididm‘umpore
553 2390 627 2445 uno,
655 2389 766 2434 omnes
789 2379 895 2432 tamen
907 2367 979 2452 filii
1000 2380 1074 2432 sunt
1091 2370 1311 2452 persecutoris
1333 2380 1365 2434 et

381 2474 540 2538 homicide
572 2474 661 2537 iilius
686 2472 801 2556 Caym.
833 2473 907 2536 ideo
939 2472 1012 2536 alibi
1042 2473 1127 2539 dic't:
1159 2477 1262 2538 Amen
1292 2475 1364 2538 dico

380 2582 480 2660 vobis,
496 2599 560 2642 non
574 2579 724 2642 transibit
738 2579 919 2662 generacio
937 2580 1007 2657 hec,
1022 2578 1123 2642 donec
1138 2574 1247 2643 omnia
1259 2579 1363 2665 fiant.
1375 2618 1408 2655 ‚0

264 2733 273 2746 .
374 2683 422 2749 'Et
444 2686 535 2749 iiiam
557 2685 809 2769 generacionem
834 2682 1034 2747 demonstrat
1052 2683 1209 2766 Christus,
1232 2686 1364 2770 quando

379 2790 457 2854 dicit
478 2788 517 2853 de
534 2789 701 2872 presenti:
731 2787 817 2851 Ecce
845 2807 907 2872 ego
935 2789 1022 2851 mitto
1049 2789 1093 2852 ad
1120 2809 1176 2854 vos
1201 2794 1364 2874 sapientes

372 2888 408 2957 'et
428 2893 567 2971 scribas,
591 2893 664 2957 iicet
685 2893 770 2956 enirn
797 2891 898 2976 Caym
918 2903 1111 2974 persecutor
1122 2895 1201 2958 Aret
1215 2909 1364 2961 mortuus

379 3009 435 3078 est,
465 3010 573 3062 tamen
596 2997 687 3082 sacti
717 3007 793 3060 suut
824 2999 989 3081 gigantes,
1020 3010 1250 3081 persequentes
1266 3001 1365 3085 filios

381 3103 464 3168 Seth.
488 3102 573 3165 Ecce
599 3103 702 3185 Cayrn
726 3103 865 3183 transiit,
890 3102 949 3165 sed
968 3106 1142 3188 generacio
1164 3107 1235 3188 ipsa
1262 3108 1356 3170 stetit.
1369 3129 1400 3182 ²5

381 3209 554 3272 Perierunt
584 3209 683 3270 tercio
714 3209 866 3292 gigantes
892 3209 926 3271 in
949 3206 1083 3285 diluvio,
1115 3208 1173 3272 sed
1199 3211 1268 3273 nati
1289 3221 1366 3274 sunt
1452 3212 1453 3215 ’

379 3333 420 3376 ex
437 3312 543 3395 Caym
565 3312 712 3374 Cananei
729 3323 758 3375 et
774 3323 879 3375 cetere
892 3322 1017 3397 gentes,
1034 3323 1265 3395 persequentes
1270 3314 1366 3398 filios

380 3416 462 3484 Sem.
504 3415 668 3479 Cananeis
690 3419 827 3480 mortuis
856 3429 972 3500 quarto
999 3427 1221 3481 successerunt
1249 3420 1365 3484 alieni·

420 3580 437 3614 t.
451 3568 483 3613 iis
502 3569 532 3614 de
550 3567 679 3625 presencia.
728 3568 748 3615 3.
762 3567 809 3614 ΑΒ
823 3567 847 3613 in
865 3581 951 3626 mergn
969 3567 1108 3626 Responsio.
1164 3584 1186 3623 4.
1202 3571 1223 3615 Α
1237 3569 1261 3615 iu
1275 3583 1363 3629 marg:

333 3642 339 3651 ’
378 3637 477 3684 Seaetm
496 3637 612 3683 Thomas.
638 3635 700 3683 Nota
723 3640 752 3683 de
777 3639 971 3695 generationibus
1001 3640 1117 3684 bonorum
1143 3647 1212 3698 etque
1239 3641 1374 3687 rusiorum.

378 3709 469 3760 (Above
489 3705 649 3752 nunninus
671 3709 737 3753 mark
757 3707 785 3754 oi
803 3708 971 3765 resereneeMi
989 3709 1013 3753 in
1033 3720 1119 3765 marg:
1140 3708 1247 3755 Athrmet
1268 3717 1365 3755 senune

378 3774 482 3822 Thomas
493 3777 673 3833 empiircioncm
688 3778 753 3823 uerbi
767 3785 791 3822 ut
801 3777 901 3823 ridetur.
967 3776 989 3823 8.
999 3778 1047 3823 ΑΒ
1058 3777 1081 3825 in
1091 3790 1179 3834 marg:
1194 3777 1365 3827 Crtsostomus.

379 3847 440 3902 plu
454 3846 534 3891 cedde
550 3845 644 3891 Omeiia
657 3845 741 3892 1111111.
792 3845 794 3848 ’
821 3858 848 3891 n.
863 3847 893 3891 Be
908 3848 984 3893 Adam
1000 3847 1074 3892 deest.
1151 3859 1186 3901 ²4·
1202 3849 1223 3893 Α
1238 3849 1260 3893 in
1276 3860 1366 3906 merge

378 3914 516 3960 Persecucio
526 3916 624 3961 ecclesie
634 3925 713 3961 saneta
724 3917 754 3960 eb
761 3916 860 3961 ecclesis
870 3917 1059 3974 meiigosnciurn.
1068 3915 1115 3963 Bin
1126 3930 1198 3976 marg.
1206 3932 1212 3962 ε
1219 3917 1367 3964 Commireio

378 3985 540 4039 generacionis
554 3996 627 4042 prere
639 3995 693 4031 cunr
708 3985 818 4031 benivole
832 3987 985 4043 generscione
998 3986 1054 4031 iesu
1067 3985 1161 4032 Christi

422 4108 445 4162 5.
463 4107 586 4160 Thornse
605 4110 675 4178 Opp.
693 4122 751 4162 tom
770 4111 802 4177 V,
820 4126 878 4180 pag.
899 4109 940 4162 ⁵1.
1045 4109 1070 4162 8.
1089 4112 1164 4181 Opus
1182 4111 1367 4181 imperfectum

379 4193 481 4263 (incerti
499 4196 638 4262 auctoris),
658 4198 756 4250 Homil.
773 4197 852 4249 XLV.
867 4197 1004 4266 Chrysost.
1016 4198 1084 4268 Opp.
1099 4200 1151 4264 (ed.
1164 4199 1315 4251 bernardus
1332 4198 1368 4251 de

379 4281 564 4347 Montisucon)
583 4293 649 4335 torn.
669 4283 712 4349 Vl,
729 4299 791 4352 pag.
807 4283 917 4336 CXCiil.
936 4285 967 4338 Ε.
1097 4284 1132 4336 ι5.
1152 4284 1205 4352 Op.
1223 4286 1287 4353 imp.
1307 4285 1325 4336 1.
1343 4301 1367 4338 c.

377 4383 438 4438 ptg.
456 4368 568 4423 cxctv,
587 4368 619 4422 E.
712 4398 717 4408 ·
1266 4374 1270 4385 '
