3262 5226
351 457 482 551 cunm]
728 475 774 527 nr:
792 471 971 525 necet-:suu

177 680 188 697 .
231 656 262 710 R
277 656 335 725 ¹37⁴
343 637 481 719 optimis.
526 633 621 711 Quod
655 633 716 696 etsi
752 648 848 693 neum
885 623 1034 690 nostrum
1072 624 1136 687 sili
1172 642 1343 708 arrogare

339 750 522 825 presumat,
546 750 581 802 ut
602 738 748 801 animam
774 752 868 799 suam
892 731 1015 795 audeat
1036 746 1194 812 sponsam
1216 727 1344 792 domini

344 845 525 927 appellare,
558 843 712 927 quoniam
745 850 854 903 tamen
887 836 929 899 de
961 834 1101 900 ecelesia
1131 851 1247 897 sumus
1279 852 1345 916 que

345 951 463 1012 merito
493 947 553 1011 ltoc
585 931 714 1010 stamine
737 953 768 1008 et
791 962 828 1006 re
851 941 995 1005 nominis
1026 939 1207 1025 gloriatur,
1234 938 1358 1023 glorie

319 1052 440 1126 5lmius
451 1051 666 1134 participium
684 1065 892 1130 usurpamus.
908 1042 1005 1121 Quod
1019 1043 1106 1108 enim
1123 1042 1224 1107 simul
1231 1060 1346 1105 omnes

338 1156 437 1238 plene
452 1138 641 1238 integreque
659 1150 875 1236 possidemus,
896 1148 957 1213 ltoe
977 1148 1104 1233 singuli
1125 1148 1197 1210 sine
1211 1155 1343 1210 contra·

344 1258 489 1321 diceione
506 1258 758 1340 participamus.
787 1254 928 1318 Gracias
956 1252 1014 1316 tibi
1036 1252 1167 1316 domine
1187 1250 1265 1315 lesu
1286 1251 1346 1334 qui

345 1381 404 1425 nos
417 1362 590 1425 karissime
604 1360 742 1425 ecclesie
758 1369 811 1424 tue
826 1377 1022 1444 aggregare
1037 1356 1196 1442 dignatus
1210 1375 1256 1432 es,
1276 1374 1343 1419 non

345 1467 449 1529 solum
466 1476 500 1528 ut
515 1465 640 1550 fideles
655 1483 811 1545 essemus,
821 1463 881 1529 sed
894 1465 999 1527 eciam
1016 1471 1052 1525 ut
1066 1461 1126 1525 tibi
1140 1461 1209 1525 uice
1223 1478 1344 1544 sponse

307 1607 336 1643 ιο
346 1573 379 1633 in
403 1570 576 1651 amplexus
592 1569 749 1634 iocundos
764 1579 871 1631 castos
886 1576 1081 1650 eternosque
1097 1565 1344 1647 copularemur.

313 1695 337 1748 s
390 1674 472 1737 Ecce
494 1675 663 1757 quomodo
686 1672 785 1737 sancti
809 1671 990 1735 subdubia
1019 1682 1284 1755 presumpserunt
1311 1673 1576 1731 sestutthesuioo

347 1798 413 1840 csse
430 1778 572 1841 membra
587 1777 728 1858 ecclesie,
742 1777 797 1839 sed
814 1775 942 1839 nonnisi
952 1796 990 1839 ex
999 1772 1225 1860 presupposita
1238 1771 1344 1836 imita·
1355 1730 1575 1828 Μιῗιιῖιιιῗῗοῖῗαα.

349 1882 440 1946 cione
464 1881 573 1965 sponsi
597 1882 737 1948 ecclesie.
760 1882 854 1946 Unde
877 1901 1025 1945 sermone
1047 1879 1139 1943 x111⁰
1154 1877 1230 1942 dicit
1243 1835 1527 1941 Βαα-Μῖῗῧὲιῐ
1536 1836 1576 1882 ὼ

348 1986 477 2050 hardus:
510 1987 545 2050 Si
572 2007 696 2070 sponsa
729 1990 836 2072 utique
869 1987 910 2051 de
941 1989 1032 2050 omni
1062 1985 1183 2049 virtute
1203 2003 1266 2049 sua
1293 1979 1348 2047 uel

309 2091 464 2175 ,sgracia
490 2092 715 2157 misericordie
739 2092 862 2157 audeat
885 2092 949 2156 sili
972 2091 1140 2175 quippiam
1165 2108 1346 2174 arrogare,

347 2206 468 2279 quanto
481 2198 587 2259 minus
596 2197 836 2262 adolescentule
850 2195 1015 2280 quesorte
1031 2214 1091 2260 nos
1109 2194 1250 2258 minus?
1263 2193 1347 2258 Ecce

348 2302 515 2385 quomodo
538 2301 614 2367 dicit
627 2301 733 2386 sorte.
757 2302 917 2366 Dicamus
933 2298 1077 2384 proinde
1099 2310 1129 2364 et
1153 2318 1212 2363 nos
1226 2317 1347 2382 sponse

349 2406 487 2490 vestigia
518 2407 731 2471 insectantes:
761 2405 836 2471 Non
870 2406 965 2470 nolis
986 2405 1126 2485 domine,
1149 2423 1213 2468 rron
1241 2403 1346 2485 nolis,

350 2508 408 2572 sed
438 2511 564 2574 nomini
594 2522 649 2574 tuo
672 2511 716 2575 da
738 2511 895 2597 gloriam.
919 2510 1082 2574 Dicamus
1104 2529 1171 2573 non
1193 2507 1292 2574 uerbo
1315 2518 1349 2572 et

310 2611 467 2698 solingua
504 2625 641 2692 tantum,
673 2615 734 2679 sed
763 2636 862 2699 opere
891 2625 923 2679 et
957 2616 1112 2680 ueritate:
1145 2615 1222 2698 quia
1249 2615 1350 2678 alter

353 2736 416 2781 non
448 2738 561 2782 sumus
584 2713 765 2802 iuvencu'le,
792 2722 889 2783 iuxta
912 2719 996 2783 illud
1017 2720 1145 2782 Psalmi
1167 2714 1348 2798 LXXVH',

351 2818 410 2903 36,
424 2822 482 2905 37:
503 2823 666 2901 Quoniam
688 2825 877 2888 dilexerunt
891 2844 965 2888 eum
982 2825 1015 2886 in
1031 2843 1088 2887 ore
1108 2843 1170 2888 suo
1185 2834 1215 2887 et
1230 2824 1348 2909 lingua

353 2928 476 2991 mentiti
502 2939 578 2991 sunt
604 2930 653 3006 ei,·
675 2948 733 2993 cor
761 2937 869 2993 autem
897 2949 1014 2993 eorum
1038 2947 1103 2992 non
1126 2938 1201 2992 erat
1220 2937 1348 2992 rectum

353 3050 424 3093 cum
457 3050 506 3108 eo,
541 3051 601 3096 nec
624 3032 748 3117 Jideles
770 3032 871 3097 nabin
892 3043 970 3096 sunt
992 3033 1026 3096 in
1048 3041 1240 3096 testamento
1267 3033 1348 3097 eius.

313 3135 435 3203 &Ecce
458 3135 516 3199 iste
539 3151 665 3201 sanctus
688 3138 782 3222 plane
805 3136 978 3201 sentenciat
990 3139 1093 3221 quod,
1117 3135 1177 3199 nisi
1200 3135 1349 3200 habueri·

355 3259 426 3303 mus
458 3240 556 3303 vitam
588 3242 871 3327 contemplativam
893 3242 943 3305 vel
975 3241 1113 3306 activam
1140 3262 1240 3328 quam
1260 3242 1350 3306 Deus

179 906 191 981 l

182 992 192 1085 l

183 1122 194 1183 i

184 1194 195 1321 l

188 1430 197 1515 i

187 1520 199 1599 l

187 1632 200 1693 'l

191 1718 200 1789 i

192 1810 202 1909 l

184 1944 201 2045 'l

192 2054 201 2119 l

190 2164 200 2213 s

356 3448 496 3513 ecclesie.
531 3450 607 3515 ideo
638 3452 736 3515 instar
772 3465 958 3516 sanctorum
995 3452 1239 3541 decertaremus,
1276 3449 1350 3535 quia
1437 3448 1440 3454 ’

355 3567 463 3634 posset
485 3574 553 3618 esse
575 3555 608 3618 in
632 3555 797 3621 fructuoso
821 3554 997 3620 ministerio
1019 3557 1130 3619 matris
1153 3575 1210 3618 sue
1232 3575 1349 3639 opero·

313 3669 345 3722 30
357 3655 422 3718 sior
442 3672 538 3741 mque
560 3659 723 3725 humilior.
747 3661 789 3725 Et
802 3658 848 3724 'ex
871 3659 946 3723 hinc
969 3659 1056 3724 iuxta
1071 3658 1170 3723 fidem
1184 3658 1349 3743 scripture,

190 2402 199 2525 Ξ

183 2558 199 2653 'l

187 2684 198 2739 t

188 2798 197 2867 l

187 2882 198 2964 l

182 2978 198 3061 i

184 3292 196 3479 Ξ
355 3359 495 3428 acceptat
525 3348 565 3409 ad
597 3348 839 3426 beatitudinem,
875 3346 971 3411 aliter-
997 3368 1064 3410 non
1096 3366 1210 3411 sumus
1242 3360 1350 3431 partes

180 3594 196 3695 i

172 3698 195 3861 ¹
356 3761 486 3825 Matthei
510 3764 636 3846 xvlw,
664 3787 690 3847 1,
714 3765 857 3851 sequitur
878 3765 970 3850 quod
993 3764 1033 3828 sit
1056 3764 1170 3829 maior.
1203 3763 1350 3828 Christus

170 3866 192 3901 'i

356 3865 440 3928 enim
473 3888 536 3931 non
569 3870 674 3953 potuit
706 3892 773 3935 esse
802 3885 898 3955 caput
921 3869 1050 3934 ecclesie
1074 3872 1142 3932 sine
1165 3868 1350 3933 humillimo

167 3908 198 4143 1
399 4083 421 4125 9.
436 4070 465 4115 B:
481 4072 580 4130 Oportet
594 4074 669 4121 eciam
683 4084 708 4121 ut
722 4078 764 4123 tibi
777 4075 861 4122 uicem.
917 4087 944 4120 n.
958 4075 980 4118 Α
994 4075 1018 4120 ln
1033 4087 1122 4132 maran
1136 4072 1218 4119 Sancti
1231 4085 1285 4119 eom
1298 4071 1350 4119 ior·

193 4150 200 4217 i
355 4135 442 4182 midine
456 4148 479 4185 ct
493 4143 537 4187 sub
552 4155 594 4200 spe
608 4145 718 4191 dixerunt
731 4159 757 4191 se
771 4159 824 4191 esse
837 4146 945 4191 membre
963 4150 1044 4190 sanem
1061 4143 1169 4189 ecclesie.
1191 4144 1208 4189 B
1222 4143 1246 4189 ia
1260 4155 1350 4199 mnu

189 4220 199 4263 ,⁶
354 4203 430 4250 Nemo
444 4209 528 4255 audeat
541 4223 567 4255 se
581 4225 687 4259 asserere
701 4214 835 4260 membrum
849 4215 956 4259 ecclesie
1064 4213 1095 4260 13.
1111 4212 1143 4258 Bt
1157 4225 1211 4270 esp.
1224 4211 1287 4258 xut.
1299 4211 1349 4260 ΑΒ

192 4314 199 4325 ,
354 4274 378 4318 ln
394 4287 481 4333 marga
496 4279 654 4327 Bernhtrdns.
787 4295 818 4330 ar.
832 4283 859 4328 le
873 4283 1000 4328 Bernard's
1014 4294 1110 4327 sermon
1124 4281 1350 4340 ceopiscoporum

186 4332 204 4387 ,3
355 4356 382 4388 ss
395 4345 499 4393 follows:
519 4349 555 4395 Ne
573 4350 634 4398 torte
652 4352 727 4410 (qnod
747 4353 819 4399 almis
833 4354 925 4410 vereor)
939 4352 1031 4398 dicator
1044 4359 1068 4396 et
1082 4351 1112 4396 de
1125 4351 1209 4397 nobles
1229 4349 1350 4410 Quoniam

180 4414 189 4443 ²³
356 4421 399 4458 ete.
413 4446 421 4460 .
435 4446 442 4461 .
456 4417 519 4466 conl.
534 4419 598 4478 Opp.
608 4433 662 4480 pag.
672 4421 720 4480 ⁵²7·
792 4421 823 4469 u.
838 4422 856 4467 Β
870 4422 894 4468 ia
909 4435 998 4480 marga
1011 4419 1095 4468 trane.
1106 4418 1194 4468 xvnt.

1245 4492 1279 4547 51
