3262 5226
154 310 223 377 ιιι
447 372 452 381 ,
697 322 873 381 marana
888 268 1039 377 marr.
1202 292 1287 389 [w-
1300 310 1365 362 nv.

374 478 461 569 'qarod
484 480 608 567 legitur·
626 480 780 547 reddisse
807 482 842 547 ia
867 476 1002 545 ecclesia
1024 475 1089 541 Dei
1108 484 1254 558 tempore
1277 472 1435 557 Coa-173·
1450 486 1481 541 u

374 584 508 667 standai
519 586 578 673 qui
594 586 628 651 ia
647 586 872 651 iurisdictione
888 580 1085 655 suajdotarit
1106 577 1286 660 ecclesiam,
1306 575 1367 643 sed

375 708 440 755 nort
460 708 585 757 assero.
719 714 724 725 ·
1173 741 1180 751 .

171 811 228 909 app·
235 818 361 909 ἥτε,
418 792 481 859 late
501 807 612 860 autem
632 792 748 859 doctos
768 792 956 878 reprobatus
977 788 1039 855 luit
1059 803 1163 869 acute,
1184 785 1263 872 quia
1283 801 1403 859 trac-o

160 876 184 911 ⁸
199 872 455 975 „afflavit
482 898 523 963 de
543 910 703 983 potestate
733 916 829 984 pape,
865 896 940 963 ideo
961 893 1067 959 innuit
1088 914 1166 959 cum
1194 888 1392 962 formidines

375 1002 467 1087 quod
497 1002 609 1069 debuit
639 1016 824 1069 constentec
851 1020 1000 1083 ιιιιιιιι,
1021 1012 1060 1065 ut
1079 1000 1175 1063 docet
1197 998 1298 1080 Hugo
1324 996 1366 1059 de

376 1106 493 1171 Sancto
514 1104 655 1189 Victore,
684 1106 768 1171 libro
799 1106 845 1171 n·
871 1104 921 1171 De
940 1101 1163 1185 sacramentis,
1195 1115 1286 1186 parte
1309 1101 1366 1183 11⁰,

376 1208 522 1296 capitulis
543 1210 601 1275 111·
622 1224 655 1277 et
685 1210 768 1277 vna
802 1210 889 1275 Nam
918 1208 1009 1296 quod
1029 1207 1170 1294 amplius
1191 1219 1241 1270 est
1266 1225 1365 1291 quam

376 1312 456 1379 liber
475 1334 555 1380 usus
576 1314 699 1379 fruetus
719 1314 754 1380 in
776 1314 874 1398 clero,
895 1334 1029 1400 vergens
1050 1313 1091 1377 ad
1111 1311 1212 1377 ritum
1226 1310 1365 1373 munda·

289 1456 295 1463 -
376 1438 467 1501 num,
491 1418 616 1483 ιιιιΙιιιιι
637 1432 696 1502 ιιι,
716 1418 795 1505 quia
814 1416 1017 1485 ιιιιιᾶοιιΙὶι
1037 1414 1136 1483 officii
1158 1415 1364 1480 tardativum.
1379 1444 1410 1482 ιο

377 1518 464 1587 Cum
484 1542 562 1609 ergo
586 1522 621 1587 in
646 1522 716 1589 istis
735 1522 816 1589 locis
837 1522 992 1609 scripture
1014 1541 1081 1593 non
1103 1518 1258 1585 landatur
1279 1518 1366 1583 clero

377 1624 508 1692 civilitas
529 1628 587 1693 sed
606 1626 703 1713 plane
727 1625 935 1711 contrarium,
965 1647 1024 1693 nec
1046 1639 1093 1692 est
1117 1623 1275 1709 scriptura
1305 1620 1365 1685 sibi

377 1729 438 1817 ipsi
459 1730 627 1817 contraria,
642 1730 767 1797 utinam
781 1730 863 1796 illud
877 1730 1061 1796 dominium
1075 1741 1158 1795 esset
1172 1745 1367 1811 suspensum

376 1854 395 1898 a
422 1836 518 1921 clero,
549 1855 721 1923 quousque
752 1834 786 1899 in
818 1835 973 1927 scriptura
1002 1855 1090 1901 sacra
1111 1832 1181 1899 eius
1211 1829 1368 1896 invenerit

378 1935 634 2024 laudamentum,
655 1954 688 2007 et
708 1940 826 2005 sellem
846 1938 874 2007 si
894 1940 963 2006 Deo
984 1940 1122 2026 placeret
1143 1937 1234 2025 quod
1258 1936 1367 2001 nullus
1379 1952 1410 2007 ι5

378 2044 524 2109 sacerdos
556 2043 687 2110 baberet
717 2043 893 2131 primatum
923 2045 973 2109 vel
1004 2042 1209 2130 privilegium
1236 2040 1366 2106 ecclesie

378 2168 547 2237 quousque
577 2162 698 2215 cartam
727 2148 813 2214 illins
833 2148 990 2215 invenerit
1011 2149 1046 2213 in
1067 2148 1233 2232 scriptura
1279 2143 1366 2210 Cum
1471 2155 1477 2161 '

319 2290 322 2294 Δ
377 2252 463 2318 enim
484 2273 583 2319 nemo
605 2254 700 2320 debet
721 2252 925 2341 privilegium
945 2267 1095 2339 appetere
1116 2250 1177 2316 nisi
1197 2248 1257 2316 sibi
1277 2248 1366 2330 utile,

377 2370 409 2421 et
438 2359 617 2423 secundum
636 2358 860 2446 augustinum
881 2359 913 2425 si
934 2357 1014 2424 utile
1034 2352 1093 2440 ιιι,
1119 2356 1167 2423 iri·
1187 2355 1365 2432 invenitur,

376 2460 501 2527 videtur
536 2462 626 2549 quod
663 2463 704 2542 ad
740 2461 893 2527 clericum
927 2461 1196 2549 privilegiandum
1229 2458 1412 2543 pertinetao

378 2565 469 2652 quod
501 2580 622 2630 mrtem
651 2578 720 2631 tam
752 2566 947 2631 autenticam
978 2566 1118 2632 ‘uveniat
1140 2565 1173 2629 in
1196 2562 1368 2648 scriptum
1452 2556 1455 2561 ’

378 2682 456 2735 tuac
469 2668 556 2733 enim
570 2670 787 2735 laboraremus
796 2671 878 2736 circa
892 2669 961 2736 eius
975 2670 1139 2752 noticiam,
1154 2668 1368 2732 niteremurve

378 2772 413 2837 in
445 2772 650 2859 depositione
695 2774 740 2840 sic
778 2774 873 2840 nobis
905 2774 1080 2840 adversaria
1100 2794 1139 2839 es
1167 2771 1369 2837 deformitate

378 2876 442 2942 vite
464 2892 570 2943 nostre
600 2877 641 2942 ad
673 2893 792 2943 cartam
824 2878 921 2944 illam.
956 2850 1000 2945 'Et
1031 2878 1128 2944 tercio
1157 2898 1224 2942 uon
1255 2895 1368 2960 accep·

379 2996 517 3046 taremus
542 2996 669 3046 tantum
691 3003 774 3047 onus
797 2983 856 3047 nisi
877 2983 968 3069 quasi
991 2984 1135 3048 nolentes
1157 2982 1198 3047 ad
1218 3001 1370 3066 magnam
1381 2996 1412 3052 ιδ

381 3085 568 3151 instanciam
589 3087 702 3171 populi
719 3107 778 3173 pro
793 3070 948 3173 spirituali
970 3088 1119 3173 suffragio
1142 3108 1202 3152 nos
1218 3085 1369 3172 urgentis.

171 3205 209 3252 sn
222 3205 367 3251 ceremonia
426 3190 458 3254 Si
486 3205 595 3255 autem
622 3191 765 3275 arguitur
792 3213 849 3277 per
874 3191 984 3258 locum
1005 3214 1024 3257 a
1047 3191 1141 3257 simili
1174 3193 1261 3278 quod
1291 3191 1407 3255 ritus‘

167 3256 371 3419 ἱῗέἒιὲἒέἷῖ
382 3294 481 3359 nostri
504 3316 571 3359 ιιοιι
594 3296 711 3378 valent,
733 3316 810 3360 cum
832 3317 899 3360 non
927 3296 991 3362 sint
1012 3296 1191 3362 laudabiles
1213 3296 1246 3359 in
1270 3296 1369 3380 scrip·

381 3413 461 3480 tura,
492 3398 565 3463 dico
588 3400 678 3484 quod
705 3400 802 3463 docto
833 3399 896 3464 ltoc
931 3401 971 3465 de
1002 3421 1198 3487 quocunque
1230 3399 1292 3464 ritu
1324 3411 1372 3462 est

382 3503 546 3568 conclusio
580 3504 795 3585 concedenda,
827 3504 903 3589 quia
930 3518 1007 3570 tunc
1038 3525 1104 3570 non
1133 3517 1261 3569 sonaret
1292 3502 1415 3571 ritosso

381 3605 453 3670 talis
482 3607 636 3692 pietatem
657 3608 708 3672 ael
734 3607 923 3692 religionem
945 3607 1071 3674 Christi.
1110 3609 1205 3673 Unde
1227 3626 1288 3692 pro
1310 3605 1372 3669 illis

382 3731 445 3796 que
476 3731 542 3775 non
581 3733 725 3797 expresse
760 3713 918 3777 docentur
952 3713 985 3777 in
1020 3712 1174 3798 scriptura
1207 3730 1305 3792 sacra,
1345 3707 1371 3771 si

383 3817 522 3900 quadam
557 3816 719 3881 evidencia
755 3816 862 3901 topica
893 3819 1076 3901 suadentur,
1118 3837 1185 3882 nou
1217 3814 1373 3879 debemus

422 4047 452 4084 ta.
466 4036 586 4096 ι3.ΛΑ,ι
600 4036 722 4096 sibiipsa
825 4036 932 4099 sumo
941 4051 1029 4096 marg-r
1042 4038 1112 4086 Nota.
1219 4036 1375 4086 lthtaoe

383 4117 486 4155 sonaret.
588 4105 624 4156 33.
638 4112 659 4155 Α
668 4110 693 4154 la
703 4120 790 4166 maras
805 4107 937 4166 Quomodo
946 4109 1015 4156 debet
1024 4109 1119 4157 deieadl
1132 4117 1155 4156 ιι
1168 4109 1243 4156 teaerl
1256 4107 1375 4165 scriptura

383 4188 458 4223 sacra.
471 4177 544 4224 Ritus.
558 4177 577 4224 B
591 4179 614 4224 in
629 4190 718 4237 maras
734 4178 934 4225 contendendum
948 4191 996 4225 aon
1006 4188 1042 4227 est
1056 4182 1211 4228 consistitur
1226 4180 1285 4246 dom
1297 4179 1376 4238 topica

384 4246 511 4295 ioodaatar
524 4249 547 4294 ia
563 4249 687 4307 scriptam
