3262 5226
225 1586 261 1647 s.

821 581 989 635 tonsurus
1007 578 1153 633 wreus
1373 553 1491 647 [caan.

504 758 573 823 cap.
595 738 683 802 x1x⁰
704 751 736 802 et
757 736 966 822 Augustinus,
988 735 1122 822 epistola
1152 716 1359 797 xxxl112'ad
1391 728 1606 813 Boni-14311t

507 838 634 925 lucium,
656 844 823 927 quomodo
846 844 975 910 ecclesia
996 839 1140 906 fidelium
1161 852 1209 902 est
1224 836 1344 922 ubique
1366 832 1491 930 diffusa,

507 945 637 1010 ecclesia
658 960 765 1010 autem
787 947 999 1013 hereticorum
1021 960 1068 1011 est
1088 943 1123 1008 in
1144 963 1243 1029 parvo
1259 940 1380 1027 angulo
1403 957 1492 1003 coar·

505 1064 579 1115 tata.
630 1032 835 1117 Preclestinati
873 1073 987 1137 nempe
1029 1049 1161 1143 dilatant
1196 1066 1288 1144 more
1325 1042 1492 1110 celestium

503 1153 624 1220 fructus
656 1175 754 1239 suos,
789 1157 842 1221 alii
874 1172 980 1222 autem
1011 1155 1083 1220 licet
1118 1154 1182 1220 sint
1212 1153 1287 1218 hinc
1318 1152 1427 1238 plures
1458 1147 1518 1216 ins

501 1241 646 1343 numero,
657 1260 1227 1345 moreterrestriumconstringuntur.
1238 1255 1387 1323 Christus
1403 1252 1491 1317 enim

502 1381 598 1450 caput
619 1365 734 1450 prioris
757 1367 886 1432 ecclesie
909 1366 960 1432 cui
983 1379 1110 1452 oportet
1132 1379 1168 1459 ut
1194 1363 1335 1429 secunda
1361 1359 1489 1424 subser-

500 1468 574 1552 viat,
597 1484 644 1535 est
666 1471 833 1555 potencior
853 1487 942 1563 patre
963 1470 1121 1536 mendacii
1137 1490 1235 1556 quem
1258 1468 1302 1534 sic
1324 1465 1412 1552 ligat,
1427 1463 1490 1528 hoc

502 1588 559 1657 est,
581 1574 690 1659 ipsum
711 1574 744 1639 in
767 1577 919 1642 membris
946 1577 1011 1643 suis
1038 1575 1193 1662 penaliter
1219 1572 1264 1638 sic
1291 1567 1488 1652 constringit

281 1686 426 1733 Erroneam
437 1688 478 1733 de·
543 1678 579 1743 in
602 1679 662 1744 ista
683 1700 758 1744 vero
780 1682 911 1746 materia
933 1695 981 1746 est
1007 1680 1140 1767 quidam
1154 1681 1282 1743 'doctor
1299 1662 1530 1742 'describenss'

293 1740 389 1784 finitioa
404 1739 433 1784 ot
443 1740 484 1785 the
575 1763 579 1771 ·

289 1790 428 1889 aalma·
437 1792 482 1890 gp
500 1783 746 1876 ecclesiam-sub
761 1791 780 1829 ⁹
795 1787 853 1851 hac
877 1786 994 1851 forma:
1022 1785 1182 1866 Ecclesia,
1201 1781 1319 1876 inquit,
1343 1789 1390 1845 est
1401 1779 1486 1875 gant·
1500 1796 1563 1861 ¹4⁴⁸

276 1889 639 1994 stemissffie'ssssvffsaiss
662 1891 833 1955 multitado
849 1893 992 1956 amnium
1009 1890 1277 1967 christianorum,
1294 1885 1486 1951 habencium

316 1958 368 2045 riae
382 1999 451 2046 futh
501 2012 544 2056 ex
565 1996 696 2079 integro
718 2004 841 2059 rectam
869 2005 900 2060 et
926 1995 1063 2060 eandem
1082 1995 1190 2080 fidem
1225 2011 1293 2078 per
1322 1990 1487 2054 Christum

499 2109 529 2162 et
555 2100 722 2183 apostolos
753 2100 957 2186 divulgatam
990 2109 1022 2164 et
1056 2118 1078 2163 a
1118 2099 1243 2164 sanctis
1269 2094 1426 2181 patribus
1460 2102 1491 2156 et

499 2205 643 2268 consiliis
651 2205 864 2289 generalibus
872 2205 1086 2270 declaratam.
1101 2206 1142 2270 Et
1150 2216 1237 2290 patet
1247 2201 1336 2288 quod
1346 2189 1491 2284 loquitur
1503 2213 1533 2266 15

500 2309 539 2371 de
562 2329 627 2372 una
648 2324 757 2374 sancta
780 2310 911 2376 ecclesia
933 2311 1097 2392 catholica,
1120 2310 1197 2397 quia
1211 2308 1302 2373 aliter
1318 2326 1385 2370 non
1400 2323 1489 2367 assu·

500 2428 600 2479 meret
621 2434 680 2499 pro
712 2435 825 2499 genere
859 2417 947 2501 quod
980 2416 1048 2500 ipsa
1080 2415 1211 2480 ecclesia
1241 2413 1284 2479 sit
1314 2408 1489 2475 multitudo

497 2520 647 2585 omnium
669 2519 921 2587 christianorum.
945 2523 1063 2599 Primo,
1087 2523 1229 2607 inquam,
1253 2518 1379 2583 videtur
1401 2513 1513 2600 quodl

498 2626 577 2690 nulli
599 2641 703 2711 patres
725 2629 838 2694 veteris
860 2627 1039 2693 testamenti
1062 2626 1190 2692 luerunt
1213 2626 1252 2689 de
1275 2623 1328 2686 illa
1345 2619 1489 2699 ecclesia,

285 2733 482 2832 ng'ggffiggfl
498 2730 572 2816 quia
595 2730 648 2795 illa
670 2752 735 2797 non
758 2732 817 2798 luit
839 2748 1012 2819 antequam
1033 2732 1179 2797 Christus
1202 2750 1275 2794 eam
1297 2724 1410 2820 genuit
1430 2743 1488 2808 per
1500 2754 1533 2792 to

296 2839 326 2884 0·
342 2838 374 2916 ,T-
388 2837 469 2884 8⁸⁵⁰„
499 2834 651 2900 effluxum
674 2838 837 2921 sanguinis
860 2853 891 2903 et
913 2859 994 2924 aque
1017 2840 1056 2902 de
1079 2858 1139 2901 suo
1170 2837 1267 2901 latere
1299 2827 1488 2896 dormientis

498 2939 530 3004 in
554 2962 646 3006 cruce
669 2940 719 3030 (ut
736 2943 851 3008 dicitur
871 2943 941 3007 Joh.
965 2944 1055 3007 xtx⁰
1080 2939 1148 3028 34),
1173 2942 1230 3006 sed
1253 2939 1316 3002 hoc
1339 2955 1408 2999 non
1430 2931 1489 2996 fuit

499 3067 559 3130 pro
582 3062 726 3132 tempore
757 3064 886 3132 patrum
907 3047 1019 3112 veteris
1042 3045 1233 3128 testamenti,
1257 3064 1333 3128 ergo
1356 3059 1415 3103 nec
1430 3037 1484 3099 illa

500 3151 638 3216 ecclesia
656 3152 702 3215 Ex
718 3174 784 3238 quo
799 3153 942 3238 sequitur
966 3152 1054 3238 quod
1070 3173 1144 3216 curn
1160 3160 1257 3216 extra
1274 3150 1366 3212 iilam
1384 3143 1485 3210 eccie-

498 3257 581 3318 siam
606 3276 670 3320 non
692 3268 740 3322 est
760 3259 854 3322 salus
886 3258 936 3344 (ut
956 3271 1043 3342 patet
1071 3258 1104 3321 in
1135 3269 1357 3340 extravagante
1390 3245 1533 3318 Boni-25

501 3358 571 3422 lacii
600 3357 690 3428 vul.
733 3361 838 3424 Unam
861 3360 1035 3447 sanctam),
1059 3362 1166 3426 nullus
1198 3378 1335 3453 patrum
1373 3355 1487 3422 veteris

500 3465 678 3529 testamenti
695 3465 876 3530 salvabitur.
899 3468 974 3530 Non
990 3467 1076 3531 enim
1087 3465 1167 3531 foret
1183 3468 1344 3550 pertinens
1360 3466 1488 3548 decreto

500 3567 602 3632 dicere
625 3570 713 3655 quod
736 3587 822 3634 extra
845 3591 943 3634 unam
965 3585 1105 3636 sanctam
1126 3586 1157 3635 et
1181 3571 1371 3636 catholicam
1389 3568 1487 3632 eccle·

499 3670 580 3736 siam
602 3694 668 3736 non
691 3687 739 3737 est
761 3675 845 3738 salus
868 3675 927 3739 nisi
950 3675 1119 3740 intenderit
1141 3677 1231 3761 quod
1260 3695 1358 3739 nemo
1386 3672 1487 3736 salva·

500 3775 585 3841 bitur
606 3777 666 3842 nisi
689 3776 904 3843 lueritdeilla.
927 3781 1075 3844 Secundo
1087 3781 1230 3866 sequitur
1239 3780 1327 3865 quod
1340 3776 1517 3844 Christustt

500 3866 565 3944 non
589 3882 629 3947 sit
651 3884 690 3946 de
724 3882 778 3947 illa
811 3884 952 3967 ecclesia,
975 3884 1050 3970 quia
1081 3906 1148 3949 non
1179 3899 1226 3949 est
1249 3885 1288 3948 de
1319 3879 1489 3947 universali

500 3986 703 4051 multitudine
725 3987 873 4052 omnium
897 3988 1150 4067 christianorum,
1177 3988 1329 4074 eoquod
1353 4007 1419 4051 non
1443 3999 1491 4050 est

541 4130 557 4162 r.
571 4120 595 4165 ln
610 4122 679 4166 codd.
694 4133 746 4181 cap.
760 4121 825 4169 XVI.
904 4123 930 4170 ln
944 4122 1015 4169 codd.
1030 4123 1126 4171 lterumr
1143 4125 1243 4182 epistola
1257 4122 1353 4169 xxxn.
1433 4120 1456 4164 Α
1465 4119 1490 4166 ln

502 4201 590 4246 marga
604 4188 650 4235 Ubi
664 4199 700 4237 eat
712 4191 820 4237 ecclesia.
912 4203 945 4237 ro.
960 4191 1010 4240 arn
1025 4204 1098 4250 marg.
1112 4206 1176 4240 maa.
1187 4196 1240 4239 altr
1254 4192 1488 4238 Dilfinicloeecleale.

501 4260 523 4303 Α
536 4258 559 4302 la
574 4271 661 4316 merge
683 4259 793 4316 Qnedaca
808 4261 940 4320 dercrlpcio
963 4263 1068 4308 eoeleste.
1179 4264 1212 4311 16.
1227 4276 1260 4322 ¹7·
1273 4265 1309 4310 Aa
1323 4268 1489 4309 aarummeret.

605 4327 641 4376 23.
659 4331 690 4375 Aa
706 4332 832 4387 patrinum.
846 4331 877 4377 Ba
892 4331 999 4389 paruam.
1027 4333 1059 4390 Α,
1073 4333 1185 4379 correxltr
1199 4341 1302 4390 patrum.
1414 4343 1450 4387 ²4·
1466 4334 1490 4377 Α

500 4395 532 4441 nr
553 4399 617 4457 qaod
638 4401 712 4445 deest.
732 4401 778 4458 Αμ
798 4403 903 4461 requitur
916 4400 988 4461 quoa
1094 4401 1130 4448 τό.
1150 4402 1178 4448 ln
1193 4401 1279 4448 codar
1294 4403 1402 4462 aequltur
1423 4401 1488 4461 qaod

500 4469 586 4515 nullae.
600 4468 630 4514 lla
646 4471 723 4516 nullu·
733 4477 851 4527 patruum.
861 4473 904 4531 Δρ
919 4471 1009 4517 nullum
1023 4479 1124 4529 patrum.
1210 4483 1247 4529 ap.
1263 4471 1281 4517 Β
1295 4472 1319 4520 lu
1334 4484 1410 4530 marg.
1424 4482 1487 4518 man.

500 4550 559 4585 reca
577 4539 645 4586 Extra
658 4540 782 4588 ecclesiam
797 4554 844 4589 aaa
859 4550 894 4589 eat
908 4542 973 4589 adae
