3262 5226
350 455 420 504 etr.
434 435 478 533 s]
724 455 772 508 oe
790 453 969 510 recessu.
1050 422 1055 429 ’

237 635 266 689 Η
282 632 341 687 158·
351 619 480 682 cionem
511 612 768 679 conversacionis
796 611 867 675 cleri
896 610 996 675 nostri
1024 609 1126 674 eciam
1147 608 1297 694 religiosi,
1319 611 1349 676 si

351 722 391 786 sit
413 718 670 806 proporcionalis
693 715 978 800 correspondcncia
1001 713 1182 800 utrobique.

326 844 343 897 1
397 825 521 890 Dicitur
542 822 630 887 enim
654 822 743 906 quod
765 821 867 884 clerus
889 820 989 884 eciam
1022 833 1154 884 vocatus
1181 818 1348 904 religiosus
1359 833 1580 934 spesina&

352 931 521 994 exheredat
537 926 660 991 multos
675 925 715 989 de
739 923 884 988 iratribus
899 923 1000 988 eciam
1022 944 1084 1008 pro
1106 944 1164 987 suo
1179 939 1349 1009 perpetuo,
1358 898 1446 997 ⁶³13}
1464 902 1523 1003 n'ep
1542 942 1567 987 is
1591 931 1593 934 ’

326 1048 503 1104 suocantes
529 1030 593 1093 hoc
619 1028 832 1114 perquisitum
854 1027 971 1093 Christi
1000 1025 1246 1112 patrimonium,
1272 1049 1350 1093 cum
1395 1001 1546 1052 “mm''

352 1153 459 1202 temen
477 1135 625 1200 Christus
647 1133 783 1197 omnino
799 1132 1044 1219 exproprietoric
1059 1132 1219 1217 pendebat
1241 1133 1350 1198 nudus

352 1241 384 1304 in
414 1260 523 1320 cruce,
554 1237 655 1302 scisso
682 1237 754 1301 velo
777 1237 899 1322 templi,
930 1238 971 1301 ad
1000 1237 1222 1301 denotandum
1242 1237 1352 1302 Judeis

352 1360 384 1410 et
405 1344 557 1429 gentibus
588 1343 678 1427 quod
706 1342 877 1429 spiritualis
904 1341 1063 1407 hereditas
1090 1355 1139 1406 est
1164 1341 1352 1427 simpliciter

352 1449 534 1535 appetendo
556 1460 588 1512 et
610 1440 733 1511 terreria
753 1447 913 1533 possessio
935 1446 1196 1531 contempnenda
1222 1443 1273 1532 (ut
1295 1466 1350 1510 ex·

310 1554 499 1640 sopositum
520 1564 570 1616 est
590 1599 599 1615 .
616 1599 650 1618 ..
675 1571 745 1636 cap.
760 1550 831 1614 libri
852 1548 957 1639 sexti).

398 1659 495 1722 Tunc
518 1655 607 1720 enim
629 1676 772 1719 essemus
794 1655 890 1720 altilis
912 1657 952 1719 de
974 1676 1057 1740 puro
1075 1654 1245 1739 frumento,
1259 1671 1353 1742 pasta

359 1764 400 1827 ad
422 1759 645 1844 exemplariter
667 1759 873 1824 nutriendum
904 1759 998 1842 filios,
1030 1775 1066 1825 ut
1088 1758 1230 1825 iecerunt
1250 1761 1354 1826 suncti

358 1884 475 1953 patres,
517 1865 587 1929 vice
624 1885 766 1950 quorum
798 1863 961 1950 fungimur
997 1866 1110 1930 saltem
1144 1865 1177 1929 in
1209 1865 1353 1949 nomine,

356 1989 392 2037 ut
415 1989 650 2054 congregemus
682 1969 843 2053 pecunias,
875 1990 942 2033 non
971 1985 1008 2035 ut
1040 1991 1190 2034 sanemus
1215 1970 1351 2037 enimes.

313 2087 342 2140 ri
355 2076 457 2140 Modo
481 2089 590 2138 nutem
604 2073 828 2157 'pervertimur
854 2073 885 2137 in
915 2095 1029 2139 corvos
1060 2073 1211 2160 perfidos,
1241 2091 1353 2160 pastos

355 2182 395 2245 de
418 2181 570 2243 cadavere
599 2195 686 2244 extra
713 2200 827 2243 navem
855 2179 995 2263 ecclesie,
1029 2195 1062 2245 et
1087 2195 1254 2266 tamquam
1276 2201 1352 2246 eves

355 2283 560 2370 rapacissime
584 2284 616 2347 in
640 2284 742 2348 ultum
764 2285 975 2366 escendimus,
1007 2305 1073 2349 noo
1096 2286 1136 2348 nd
1158 2284 1298 2370 pericula
1320 2302 1353 2352 et

354 2391 530 2455 commoda
553 2387 730 2472 spiritualia
745 2389 873 2452 ecclesie
896 2390 1129 2474 speculandum
1149 2391 1205 2454 sed
1227 2389 1352 2455 lumine

283 2519 342 2575 ,58⁴
354 2495 512 2558 habemus
544 2493 737 2576 acutissima,
769 2495 911 2557 membru
942 2491 1176 2559 velocissima*
1191 2511 1222 2560 et
1247 2509 1352 2560 rostra

309 2597 567 2662 eoretentissima
590 2600 630 2660 ad
654 2600 869 2683 predandum3
892 2614 923 2663 et
945 2620 1021 2664 cum
1041 2600 1152 2665 beatus
1168 2597 1367 2685 Gregorius,'

353 2718 464 2787 postor
482 2702 664 2787 precipuus,
688 2703 765 2769 dicit
779 2706 868 2768 XXl⁰
890 2704 1074 2785 Moralium,
1099 2726 1168 2791 cap.
1184 2705 1252 2788 ΝΟ,
1275 2706 1352 2771 satis

351 2828 502 2892 asperum
519 2809 653 2871 verbum
669 2823 765 2896 utque
781 2808 965 2874 terrificum:
983 2810 1129 2887 Festina,
1144 2809 1258 2895 inquit,
1273 2829 1352 2874 cors·

350 2915 475 2977 solacio
493 2912 653 2976 bonorum
671 2924 720 2978 est
734 2915 962 2979 consideratus
965 2914 1053 2999 finis
1069 2915 1243 2980 malorum.
1259 2915 1350 2980 Dum

351 3021 437 3083 eninr
462 3039 505 3082 ex
528 3039 641 3082 eorum
660 3021 792 3085 interitu
809 3020 932 3083 malum
949 3022 1152 3103 conspiciunt
1173 3019 1261 3106 quod
1274 3041 1351 3085 era·

310 3132 340 3184 25
353 3125 444 3204 dreni,
470 3124 548 3189 bene
572 3126 762 3190 existimant
778 3125 933 3210 quidquid
954 3127 1129 3204 adstersum
1150 3128 1184 3191 in
1199 3128 1262 3190 hac
1283 3128 1352 3191 rite

346 3231 542 3312 paciuntur.
567 3230 656 3295 Eant
679 3250 763 3315 ergo
787 3250 875 3294 nnnc
896 3232 1030 3314 reprobi
1044 3242 1076 3295 et
1096 3232 1352 3297 delectacionem

354 3353 492 3397 suarum
510 3334 676 3399 desideria
691 3337 891 3419 compleant:
908 3336 1032 3421 infinie
1045 3338 1099 3400 sui
1113 3337 1353 3422 darnprrocione

351 3438 486 3501 sensuri
507 3449 595 3516 ssent,
620 3441 697 3523 quia
713 3452 847 3506 mortem
871 3443 957 3506 male
980 3442 1121 3506 virentes
1143 3453 1352 3510 amoverunt.

357 3543 565 3606 'I'rurrsitorio
598 3554 709 3608 antem
743 3546 878 3610 verbere
909 3547 1110 3631 affligantur
1138 3546 1240 3631 electi,
1275 3558 1309 3611 ut
1331 3568 1352 3611 a

310 3653 343 3704 30
348 3649 518 3729 pravitate
535 3650 683 3734 flagella
709 3652 883 3736 corrigant
903 3670 985 3733 quos
1005 3660 1151 3735 paterna
1170 3651 1280 3734 pietas
1307 3650 1353 3714 ad

353 3751 564 3818 hereditatem
593 3765 715 3820 serrat.
755 3755 854 3818 Modo
875 3756 991 3819 etenim
1011 3755 1214 3839 flagellatur
1236 3757 1352 3839 iustus,

394 3959 418 4002 6.
433 3957 465 4001 Bs
485 3970 514 4002 ex
529 3958 682 4016 proprietate.
789 3973 814 4019 9.
829 3973 862 4006 ro.
881 3960 1016 4018 expositum
1030 3968 1078 4006 est:
1102 3962 1209 4020 sequitur
1221 3962 1306 4009 lacuna
1326 3963 1350 4010 ln

355 4029 427 4074 codd.
534 4038 572 4072 ro.
586 4030 609 4073 Α
623 4027 647 4073 in
662 4041 751 4086 marg:
765 4029 903 4088 Gregorius.
1010 4041 1044 4074 2².
1063 4032 1086 4075 Α
1100 4030 1124 4076 ln
1139 4044 1227 4089 margi
1244 4031 1307 4079 Note
1321 4033 1352 4079 de

354 4099 511 4144 tribulacione
525 4099 645 4144 bonorum
660 4107 682 4145 et
695 4101 851 4158 prosperitate
860 4101 976 4146 malorum
991 4100 1015 4145 in
1030 4101 1076 4146 hac
1089 4101 1145 4148 vita.
1250 4102 1284 4149 25.
1299 4104 1351 4149 lere

355 4169 490 4214 existlmant
509 4167 533 4213 in
555 4174 619 4213 textu
644 4181 665 4213 a.
684 4167 807 4227 Gregoriis
826 4170 939 4230 quidquid
960 4171 1068 4217 adversis
1089 4171 1122 4217 ih.
1228 4170 1260 4219 lt.
1279 4169 1351 4218 liuor

355 4237 442 4284 etenim
458 4239 482 4284 ln
498 4244 564 4284 texto
577 4251 598 4283 s.
612 4236 685 4296 Greg.

402 4396 444 4434 22.
463 4382 536 4451 Opp.
554 4392 611 4435 tom
631 4382 651 4435 1.
669 4399 730 4454 pag.
747 4382 809 4437 681.
