3262 5226
157 462 196 506 ²²
683 456 854 510 tonsurus
872 455 1020 509 tractat.
1234 434 1348 527 [cans

156 629 208 674 ose
228 628 288 673 nest
310 639 361 684 may
370 614 522 695 ordinata,
554 613 634 676 sicut
655 613 740 676 idem
767 613 910 698 populus
932 610 1026 676 habet
1048 613 1167 675 multos
1188 611 1348 694 dominos,
1362 628 1461 684 ¹30⁴R

155 680 361 778 ”ro‘iiiiiiif‘
370 736 472 781 unum
502 715 742 781 subordinatum
775 716 865 780 alteri
903 712 998 802 (sicut
1034 728 1120 801 patet
1154 716 1187 788 in
1220 715 1348 780 materia

369 820 476 906 civili).
499 821 539 886 lit
561 820 604 885 sic
625 820 748 884 videtur
767 821 869 885 dicere
884 822 973 907 quod
988 823 1098 885 eadem
1113 819 1240 885 ecclesia
1255 819 1349 886 habet

369 926 469 990 multa
518 923 620 1009 capita
669 923 815 988 ordinata
862 925 1038 989 secundum
1082 923 1212 986 inferius
1253 937 1349 1009 atque

368 1028 520 1113 superius.
1359 1044 1374 1098 5

410 1131 471 1197 Hic
493 1132 604 1196 dicitur
625 1133 714 1217 quod
737 1132 823 1195 idem
846 1152 962 1216 corpus
984 1130 1111 1195 ecclesie
1133 1131 1226 1195 habet
1248 1131 1348 1195 multa

368 1237 479 1320 capita,
500 1251 536 1301 ut
556 1237 694 1321 quelibet
715 1236 911 1321 particularis
933 1234 1062 1298 ecclesia
1084 1237 1178 1300 habet
1199 1235 1239 1299 ad
1255 1235 1347 1298 mini·

367 1361 459 1404 mum
480 1340 537 1403 tria
559 1340 669 1424 capita,
691 1340 810 1404 scilicet
832 1338 1038 1420 divinitatem,
1060 1338 1179 1403 Christi
1200 1339 1348 1403 humani·

156 1461 208 1506 rte
216 1459 310 1505 censen
319 1458 359 1503 ta
368 1458 464 1508 tatem
483 1459 514 1509 et
549 1444 749 1528 capitaneum
779 1443 864 1508 illius
896 1442 1033 1507 ecclesie.
1066 1443 1204 1506 Ecclesia
1241 1459 1348 1508 autem

156 1512 549 1623 csh'siiliivii’nyuniversalis
579 1568 641 1634 que
671 1563 717 1614 est
748 1562 857 1612 totum
886 1568 1001 1631 corpus
1034 1546 1149 1611 Christi
1186 1547 1347 1611 misticum
1362 1582 1392 1619 ,ο

156 1616 202 1662 ⁸⁰⁶
222 1616 461 1728 ¹¹a⁵t⁸ryi'¹⁰¹⁸‘habet
496 1653 561 1716 duo
597 1652 711 1736 capita,
748 1652 867 1717 scilicet
903 1666 998 1735 caput
1034 1651 1244 1715 extrinsecum
1282 1671 1345 1743 que

368 1770 414 1821 est
444 1755 588 1835 divinitas
620 1770 651 1821 et
685 1772 782 1842 caput
820 1757 1025 1821 intrinsecum
1058 1777 1121 1840 que
1150 1771 1196 1820 est
1230 1755 1345 1820 Christi

367 1859 556 1942 humanitas,
578 1875 608 1925 et
629 1862 727 1925 modo
756 1860 906 1925 ineffabili
939 1861 1085 1926 divinitas
1107 1875 1138 1925 et
1167 1860 1348 1924 humanitas

368 1963 481 2029 Christi
513 1979 587 2029 sunt
614 1966 679 2029 duo
707 1965 812 2050 capita
843 1967 946 2030 tocius
969 1965 1098 2030 ecclesie
1128 1978 1160 2030 et
1189 1983 1264 2028 cum
1286 1963 1348 2028 hoc

156 2096 183 2127 ss
193 2084 257 2128 nm
267 2091 360 2164 anteo
368 2068 466 2132 eciam
479 2089 579 2132 unum
594 2084 703 2154 caput:
726 2069 816 2134 Sicut
830 2067 914 2133 filius
929 2083 960 2133 et
975 2068 1101 2155 spiritus
1123 2083 1250 2132 sanctus
1272 2082 1346 2133 sunt
1359 2078 1389 2132 15

190 2136 328 2193 'mm'
367 2193 450 2238 unus
479 2173 654 2257 paraclitus,
682 2173 891 2257 intelligendo
919 2174 1124 2259 principative
1157 2174 1206 2238 vol
1239 2193 1343 2238 essen·

179 2293 224 2338 aaa
238 2300 341 2351 yesoae.
368 2277 493 2360 cialiter,
528 2292 559 2342 et
594 2292 699 2342 tamen
735 2293 810 2342 sunt
853 2280 919 2344 duo
955 2279 1105 2364 paracliti,
1142 2277 1346 2362 intelligendo

367 2382 568 2466 personaliter
581 2380 671 2467 (cum
683 2383 754 2447 ioh.
770 2382 870 2465 tutu,
899 2384 935 2446 16
955 2383 1080 2448 dicitur:
1103 2382 1346 2470 Ego*rogal›o
1359 2391 1419 2446 131·

365 2495 490 2567 patrem
513 2497 543 2550 et
564 2488 664 2550 alium
681 2488 884 2571 paraclitum
909 2487 998 2551 dabit
1014 2486 1134 2573 vobis).·
1147 2488 1189 2551 sic
1205 2487 1263 2551 iste
1285 2486 1347 2551 due

370 2602 479 2652 nature
505 2603 578 2653 sunt
601 2591 666 2655 duo
690 2590 794 2674 capita
821 2591 960 2674 ecclesie,
987 2606 1018 2655 et
1044 2605 1148 2654 tamen
1174 2606 1248 2656 sunt
1277 2611 1392 2675 per-so

370 2693 516 2757 sonaliter
529 2714 630 2758 unum
646 2708 750 2778 caput.
773 2695 978 2759 Particulares
993 2709 1100 2758 autem
1114 2695 1253 2781 ecclesie,
1268 2695 1356 2761 sicut·

370 2795 428 2862 luit
453 2798 584 2882 pusillus
609 2819 684 2883 grex
705 2797 757 2862 cui
780 2799 958 2882 presidebat
988 2814 1113 2864 sanctus
1135 2802 1256 2882 Petrus,
1279 2821 1344 2864 non
1416 2783 1418 2787 ¹

369 2918 454 2965 erant
476 2902 535 2966 nisi
556 2902 719 2966 iuvencule
751 2905 855 2967 tocius
884 2903 991 2966 matris
1014 2904 1151 2984 ecclesie,
1185 2904 1265 2968 sicut
1295 2925 1347 2967 ex·

369 3004 459 3089 ponit
490 3006 657 3090 Gregorius
679 3008 768 3070 x1x⁰
792 3006 962 3071 Moralium
989 3027 1056 3091 cap.
1080 3008 1162 3089 Vlll,
1188 3009 1348 3073 declarans

369 3124 484 3173 etatem
506 3110 631 3174 ecclesie
647 3113 813 3194 quomodo
837 3113 870 3175 ia
884 3112 1048 3195 principio
1062 3112 1135 3197 suit
1149 3133 1247 3178 soror
1263 3136 1345 3198 par·
1359 3122 1391 3176 25

371 3216 457 3291 vala,
480 3234 594 3279 carens
617 3217 769 3280 uberibus
786 3215 1038 3299 predicacionis.
1062 3219 1154 3282 Unde
1176 3220 1219 3284 sic
1242 3219 1349 3284 infert:

374 3318 528 3382 Universa
539 3321 798 3403 quippeecclesie
813 3341 875 3405 qtae
892 3342 990 3384 urtam
1009 3323 1199 3386 catholicam
1214 3324 1351 3408 jaciunt

369 3423 604 3488 adolescentule
639 3435 810 3490 vocantur.
858 3427 950 3490 Unde
990 3428 1119 3491 beatum
1156 3427 1284 3491 Petrum
1320 3442 1351 3491 et

369 3528 443 3591 alias
465 3529 662 3612 particulares
683 3530 829 3593 ecclesias
844 3545 938 3594 vocat
960 3532 1101 3594 membra
1124 3531 1207 3595 illius
1222 3531 1350 3594 ecclesie

371 3652 466 3715 quam
496 3634 618 3697 leenam
652 3634 807 3716 nominat,
840 3633 1006 3699 Christum
1035 3656 1110 3699 vero
1140 3636 1269 3697 leonem
1300 3631 1394 3720 (utto

413 3865 430 3897 1.
444 3851 474 3897 B:
490 3856 574 3900 multos
588 3855 659 3901 deest.
750 3858 774 3903 6.
787 3858 810 3902 tt
824 3857 848 3902 in
863 3869 943 3911 mara:
957 3854 1094 3913 Responsio.
1109 3854 1209 3901 Notatur
1222 3855 1252 3900 de
1266 3855 1350 3911 capiti·

372 3922 416 3966 bns
428 3924 532 3968 ecclesie.
597 3925 618 3968 8.
632 3927 666 3969 A:
681 3924 798 3972 deitatem.
873 3937 904 3972 tt.
918 3923 948 3970 13.
963 3928 997 3970 A:
1012 3924 1093 3969 deitas.
1164 3924 1258 3981 9.Bln
1273 3935 1351 3980 marga

373 3990 484 4036 Divinitas
499 3993 594 4037 ecclesie
607 3995 744 4041 aniversalis
758 4005 794 4040 est
808 4003 879 4052 caput
894 3995 1059 4050 extrinsecum,
1073 3993 1205 4038 humanitas
1214 3991 1301 4038 Christi
1314 3993 1351 4038 in·

373 4060 498 4106 trinsecam
511 4061 561 4107 eins
575 4071 609 4108 est
622 4072 699 4120 caput.
764 4064 793 4109 15.
808 4064 838 4108 tt:
854 4064 928 4109 eciam
942 4064 1015 4108 deest.
1089 4061 1118 4108 ti.
1133 4063 1156 4107 A
1169 4061 1193 4106 in
1207 4075 1285 4119 marga
1300 4061 1352 4110 Duo

374 4137 427 4174 sunt
440 4130 542 4186 paracliti
556 4130 579 4176 ia
593 4132 686 4178 divinis.
738 4134 772 4178 16.
787 4133 815 4177 tt:
834 4132 987 4190 principative
1001 4140 1023 4176 et
1036 4142 1098 4176 cum.
1165 4129 1196 4176 18.
1211 4131 1263 4177 Bia
1273 4143 1352 4189 mares

372 4196 423 4244 ioh.
438 4211 470 4252 ¹⁴·
535 4211 568 4245 aa.
582 4201 600 4245 Β
612 4201 636 4247 in
651 4214 727 4258 marg:
747 4204 848 4249 Sanaos
862 4202 943 4247 Petms
957 4201 1053 4246 ecclesie
1067 4200 1208 4256 presidebat.

420 4392 458 4442 ²4·
477 4378 567 4429 Marsi.
584 4379 651 4445 xta,
669 4394 725 4448 cap.
742 4380 797 4431 llll.
816 4378 887 4447 Opp.
905 4390 970 4430 torn.
989 4378 1008 4442 l,
1026 4375 1085 4428 613.
