3262 5226
107 250 189 397 soa
664 316 836 376 ιοιιιιιιιιι
850 314 1001 373 wan.
1175 290 1329 388 [amno

340 474 473 563 quodsi
486 474 683 543 dislocamur
699 488 734 543 et
755 472 977 541 innaturaliter
997 484 1182 558 pascnnmr,
1200 489 1327 536 necmse
1339 487 1441 559 apr!

342 576 1035 649 estutinaliisanembaisllatdracordia.
1132 628 1191 649 ,.

131 696 326 903 *iffi
342 684 480 855 caiti
504 679 1329 875 fflslfflnifflisinmid

342 906 516 981 antequam
543 890 618 959 cleti
649 891 831 976 dislocacio,
851 889 1002 959 secularis
1023 888 1121 956 officii
1142 887 1323 974 usurpatio,
1338 907 1354 962 ι

343 1008 377 1063 et
396 1016 455 1085 per
473 1016 675 1085 consequeus
696 994 795 1063 officii
827 994 1035 1083 speculatoris
1056 994 1190 1061 omissio
1212 993 1253 1059 ιιι
1273 1013 1330 1078 per

342 1100 495 1167 virmtem
514 1100 680 1187 regitiram
700 1100 833 1169 ecclesie
852 1098 1011 1184 rmtituta3
1032 1099 1065 1165 in
1087 1112 1176 1166 tanta
1190 1085 1329 1183 namque

341 1204 487 1271 mmonia
515 1205 688 1273 constituta
717 1218 768 1273 est
797 1226 871 1293 pura
907 1204 1022 1271 munda
1057 1204 1204 1290 superior
1240 1202 1329 1291 quod

342 1310 521 1376 secundum
552 1309 854 1379 Commentatorem
888 1330 955 1377 una
991 1309 1081 1375 stella
1116 1308 1223 1375 addita
1259 1308 1329 1373 celo

341 1412 394 1479 rel
423 1426 569 1481 moveret
589 1434 667 1481 cum
688 1412 878 1501 fatigacione
897 1426 932 1481 et
952 1432 1047 1500 pena,
1067 1412 1120 1479 vel
1146 1411 1330 1498 simpliciter
1342 1444 1373 1485 ro

343 1536 411 1585 non
432 1532 592 1603 moveret3
612 1532 647 1586 et
666 1518 773 1585 multo
793 1517 897 1605 magis
910 1516 945 1583 in
960 1538 1059 1605 regno
1079 1518 1222 1583 celorum
1240 1518 1330 1604 quod

342 1636 392 1689 est
415 1624 545 1691 ecclesia
572 1622 781 1691 contrariacio
808 1622 1012 1711 superiorum
1033 1643 1095 1689 suo
1116 1621 1235 1688 motori
1257 1621 1330 1689 lacit

341 1728 432 1815 quod
461 1740 529 1794 tota
549 1728 680 1795 ecclesia
701 1726 903 1816 fatigabiliter
915 1725 958 1793 ait
972 1726 1107 1793 turbata
1121 1726 1209 1793 Tota
1221 1739 1329 1792 autem

343 1830 551 1899 contrariacio
583 1846 647 1899 stat
676 1833 711 1899 in
741 1832 806 1898 ltoc
826 1832 918 1920 quod
938 1832 1026 1897 bona
1046 1830 1235 1917 temporalia
1256 1832 1329 1917 plus
1506 1918 1510 1925 .
1618 1858 1630 1915 ¹:

343 1935 437 2003 bonis
466 1936 628 2023 perpetuis
650 1949 727 2004 sunt
756 1949 871 2007 amata.
906 1936 983 2003 ldeo
1004 1956 1043 2002 ve
1064 1935 1127 2000 illis
1157 1935 1214 2022 qui
1235 1936 1373 2007 stulters

343 2038 464 2108 iaciunt
495 2040 530 2107 in
568 2040 739 2148 affectione
774 2056 939 2129 pastorum
979 2040 1168 2128 temporalia
1201 2039 1329 2124 spiritu·
1619 2040 1624 2047 '

342 2144 445 2211 muns
465 2131 628 2233 anteponi.
794 2214 802 2226 ,
841 2148 846 2157 “

132 2252 326 2355 ‘stam
386 2250 421 2316 Si
442 2265 551 2317 autem
572 2250 683 2336 prelati
705 2249 771 2316 sint
791 2250 894 2337 magis
915 2249 1012 2333 orari,
1006 2242 1160 2317 honoris
1174 2247 1330 2315 mundani

127 2304 417 2458 eumenus
446 2354 565 2441 cupidi,
587 2356 661 2441 plus
690 2354 832 2421 niventes
863 2354 1042 2422 secundum
1072 2353 1191 2420 lasturn
1221 2355 1329 2437 seculi,
1439 2379 1443 2387 ·

343 2478 401 2543 per
413 2458 495 2524 bella
516 2457 652 2525 excitata
669 2459 709 2524 de
731 2458 826 2526 bonis
844 2479 1025 2546 pauperum
1043 2459 1083 2524 ad
1102 2458 1329 2553 vindicandum
1341 2492 1374 2530 ιι

343 2564 487 2650 proprias
519 2564 651 2631 iniurias
682 2564 822 2652 amplius
853 2565 1047 2631 secularibus
1077 2564 1266 2648 insistentes,
1298 2578 1329 2630 et

344 2664 448 2756 (quod
484 2668 790 2755 periculosissimum
826 2668 888 2755 est)
924 2672 986 2737 sub
1022 2671 1120 2755 pallio
1157 2669 1331 2736 sanctitatis

344 2771 496 2858 quicquid
518 2774 764 2859 perpetraverint
790 2772 865 2840 luco
886 2775 1083 2842 adulterandi
1112 2776 1246 2840 verbum
1272 2773 1331 2838 Dei

344 2877 515 2962 sophistice
552 2878 766 2962 defendentes,
804 2882 973 2966 quomodo
1010 2900 1085 2946 cum
1116 2880 1179 2946 isto
1212 2879 1331 2945 circulo

346 2981 480 3065 quinarii
503 2982 598 3048 stabit
619 2979 773 3068 regnum?
789 2984 863 3049 Scio
878 2985 968 3071 quod
992 2985 1024 3049 in
1047 2984 1106 3049 ista
1129 3000 1199 3050 rota
1221 3005 1330 3050 currus
1341 2999 1373 3054 ι5

345 3085 462 3150 diaboli
485 3087 710 3153 seducerentur
740 3085 871 3174 (silleri
895 3086 1015 3176 potest)
1047 3088 1150 3153 eciam
1172 3089 1272 3172 electi,
1299 3103 1331 3154 et

344 3190 470 3279 nonsic
485 3206 669 3276 preparatur
690 3193 730 3256 ad
752 3192 804 3256 hic
827 3195 1012 3278 augendum
1027 3195 1187 3278 populum
1206 3193 1329 3258 domini

344 3295 398 3358 sed
421 3296 592 3361 satellitum
612 3296 808 3362 Antichristi.

388 3400 429 3464 Et
461 3416 618 3486 quantum
640 3403 681 3466 ad
703 3403 1022 3488 secundampartem
1045 3402 1213 3488 assumpti,
1243 3415 1366 3487 patctn

344 3505 432 3590 quod
454 3504 622 3572 infideliter
652 3507 836 3572 vendicetur
859 3530 879 3571 a
901 3507 1020 3572 clericis
1044 3507 1076 3571 in
1100 3508 1215 3572 talibus
1237 3506 1374 3578 dota-30

344 3606 490 3673 cionibus
520 3631 540 3675 a
571 3611 695 3674 mundo
726 3612 892 3692 securitas;
938 3631 1013 3675 nnm
1056 3627 1141 3678 carta
1178 3611 1330 3695 evangelii

344 3732 443 3797 quam
465 3712 611 3779 Christus
634 3715 791 3781 concessit
828 3736 894 3780 non
923 3730 1030 3800 potest
1051 3715 1193 3784 delicere.
1239 3718 1332 3783 Unde

344 3816 477 3881 Matthei
508 3819 579 3897 Vl⁰‚
612 3822 663 3904 25,
695 3819 829 3905 precipit
855 3821 939 3885 clero
967 3841 1027 3886 suo
1049 3842 1090 3887 ne
1110 3823 1153 3888 sit
1173 3823 1332 3889 sollicitus

385 4104 406 4155 l
420 4109 442 4157 Α
455 4108 480 4155 ln
493 4120 582 4167 maran
595 4106 666 4155 Nota.
739 4107 772 4156 ιι.
786 4111 810 4156 Α
822 4110 847 4156 ln
861 4121 949 4167 maran
961 4108 1026 4157 Nota
1038 4109 1151 4171 quinque.
1213 4121 1243 4156 aa.
1251 4121 1285 4158 aa.
1298 4111 1329 4159 lla
1415 4074 1418 4080 Ι

346 4185 370 4225 et
383 4191 425 4236 per
437 4179 510 4239 quod.
607 4191 642 4237 η.
660 4179 690 4228 B:
705 4181 750 4226 noc
764 4182 910 4239 augendum
924 4184 968 4239 Aga
983 4181 1018 4228 ale
1030 4182 1170 4251 agendum..
1248 4192 1285 4243 ιι.
1298 4181 1330 4227 lla

346 4247 442 4295 terciam
456 4255 555 4307 partera.
723 4267 727 4291 ι
1414 4249 1416 4254 “
