3262 5226
159 520 227 602 ²4⁶
710 530 881 585 tonsurus
900 526 1053 603 wreus,
1237 506 1319 599 [cae.
1332 523 1373 569 xi.

159 709 185 760 c)
198 707 237 752 att
251 705 373 751 acernen
429 690 545 755 Tercio
561 689 685 753 videtur
699 688 787 773 quod
812 686 918 749 omnis
941 684 1110 748 infirmitas
1133 686 1181 748 vcl
1204 699 1448 768 peccatumno
1509 716 1512 721 ·

159 758 424 863 ”iiiiiiilait
446 793 658 880 privilegium,
681 790 757 876 quia
779 790 862 855 cedit
886 790 927 853 ad
949 789 1121 853 utilitatem
1141 803 1248 852 sancte
1264 788 1371 854 matris
1385 786 1445 841 ¹63⁸

169 862 369 959 ”mem
383 897 524 964 ecclesie.
558 896 618 962 Hic
652 895 767 960 dicitur
790 895 937 979 negando
969 906 1182 977 assumptum,
1215 893 1289 978 quia
1321 894 1372 959 lex

169 967 330 1071 critici'iii
344 1015 372 1061 ot
382 999 647 1068 communissima
669 1021 737 1064 non
759 1013 806 1064 est
827 997 1040 1083 privilegium,
1063 997 1124 1061 nisi
1152 996 1372 1083 equivocando

162 1073 203 1115 ω’
217 1068 416 1171 '2'iii''‘in
447 1104 670 1192 predicacione
703 1104 882 1169 secundum
914 1100 1091 1166 essenciam
1114 1116 1244 1166 vocetur
1276 1118 1398 1171 omnes

182 1184 213 1231 ἢ
238 1174 356 1219 'mm'
382 1211 471 1296 quod
493 1209 648 1274 obiective
675 1208 825 1273 terminat
847 1206 1020 1271 utilitatem
1042 1204 1209 1290 privatam,
1231 1209 1280 1271 vel
1307 1207 1371 1292 pti·

381 1313 511 1398 vilegiat
541 1312 747 1377 melioratum
778 1310 992 1396 privilegium,
1024 1310 1106 1376 sicut
1134 1311 1221 1376 Deus
1247 1311 1373 1377 dicitur

379 1418 535 1504 gaudium
574 1432 607 1482 et
643 1417 804 1502 premium
836 1418 1017 1481 beatorum.
1051 1415 1230 1499 Loquendo
1264 1431 1372 1481 autem

381 1522 556 1587 formaliter
585 1522 625 1585 de
658 1520 836 1605 privilegio,
858 1533 946 1604 patet
969 1540 1065 1604 supra
1089 1520 1172 1584 dicta
1198 1520 1372 1605 descripcio

381 1627 414 1691 ia
436 1627 504 1692 iure
527 1626 699 1709 canonico;
723 1646 797 1689 nam
822 1626 939 1707 XXW,
962 1645 995 1709 q.
1020 1623 1043 1707 l,
1068 1624 1148 1688 Ideo
1165 1626 1417 1708 permittentem

381 1731 524 1814 domitto,
550 1730 737 1815 exprimitur
764 1729 985 1814 supradictum
1007 1748 1111 1812 genus
1133 1728 1288 1813 privilegii
1312 1731 1372 1792 sub

381 1834 442 1898 hiis
472 1834 588 1898 verbis:
620 1833 798 1920 Priuilegia
830 1835 915 1898 euim
938 1832 1094 1895 dicuntur
1121 1833 1217 1917 quasi
1239 1835 1373 1916 priuato
1428 1856 1431 1861 ·

382 1939 482 2024 legia,
512 1958 551 2003 eo
585 1937 671 2025 quod
695 1941 862 2021 priuatam
897 1939 1002 2022 legem
1034 1938 1178 2022 singulis
1205 1951 1372 2022 generent.

384 2043 491 2121 Quam
525 2042 760 2128 diffinicionem
792 2041 976 2126 Gregorius
999 2043 1139 2106 innueris
1160 2043 1224 2106 ait:
1256 2043 1291 2107 Si
1312 2044 1372 2107 tac

381 2166 483 2231 raeque
504 2146 738 2211 cousuetudine
759 2145 913 2231 generali
927 2167 1030 2232 neque
1040 2146 1221 2231 priuilegio
1236 2148 1373 2230 speciali
1387 2163 1416 2216 ι5

383 2251 546 2333 vendicas,
580 2260 683 2315 restat
713 2262 744 2314 te
773 2270 938 2334 usurpare
970 2250 1058 2337 quod
1069 2251 1195 2336 fecisti.
1220 2251 1261 2315 Et
1287 2264 1373 2336 patet

382 2377 420 2419 ex
442 2356 511 2419 iure
534 2354 689 2419 canonico
711 2376 812 2440 genus
833 2354 990 2440 privilegii
1014 2353 1373 2440 supradictum.Super·

382 2460 488 2523 addidi
523 2460 625 2524 eciam
655 2459 870 2524 differenciam
902 2481 962 2544 pro
995 2454 1220 2544 explanatione
1258 2461 1373 2525 maiori

381 2565 471 2649 quod
503 2578 551 2628 est
582 2583 733 2628 concessa
755 2586 772 2628 a
795 2563 938 2650 principe
971 2566 1012 2629 ad
1044 2563 1214 2628 utilitatem
1244 2565 1373 2630 ecclesie

381 2670 432 2732 vel
455 2688 600 2753 persone,
623 2682 655 2733 et
676 2682 783 2753 potest
805 2669 865 2734 ista
887 2667 1067 2733 differencia
1090 2667 1282 2753 pertinenter
1301 2670 1369 2755 capi
1385 2701 1419 2738 20

296 2752 304 2772 ’
382 2775 422 2837 de
453 2773 521 2836 iure
552 2772 708 2837 canonico
735 2773 836 2855 tutu,
859 2778 891 2858 q.
915 2773 954 2855 11,
979 2773 1054 2836 Due
1075 2783 1162 2855 sunt,
1184 2771 1238 2836 ubi
1262 2772 1373 2837 distin·

382 2897 484 2961 guens
516 2877 598 2943 inter
631 2878 735 2960 legem
768 2877 931 2961 publicam
954 2892 986 2942 et
1012 2878 1169 2961 privatam
1190 2878 1266 2942 dicit
1287 2879 1375 2961 quod

384 2982 438 3045 tex
454 2984 589 3064 priuata
612 2990 743 3067 estque
766 2983 920 3045 instinctu
943 2983 1079 3065 spiritus
1094 2982 1200 3046 sancti
1226 2984 1259 3045 irt
1276 2982 1374 3046 corde

381 3087 548 3166 scribitur,
586 3086 669 3149 sicut
700 3086 741 3149 de
771 3087 967 3171 quibusdam
1006 3088 1154 3171 loquitur
1184 3087 1375 3170 Apostolus:

388 3191 454 3267 Qui
474 3190 593 3255 liabent
615 3191 719 3276 legem
745 3190 807 3254 Dei
831 3192 987 3275 scriptam
1012 3193 1045 3254 irr
1069 3190 1219 3255 cordibus
1240 3193 1318 3257 suis.
1386 3209 1417 3263 25

168 3299 374 3344 rauracorum
428 3295 489 3359 Scd
521 3294 597 3379 quia
629 3295 754 3358 videtur
776 3316 832 3379 per
853 3297 948 3358 verba
971 3295 1088 3358 decreti
1112 3296 1200 3379 quod
1232 3296 1374 3359 membra

173 3351 197 3396 itt
211 3359 258 3397 two
271 3363 366 3406 senem

181 3403 364 3500 ,‘'Jfflssissfl
385 3399 582 3481 coincidunt,
598 3399 671 3463 licet
694 3400 777 3463 racio
802 3420 867 3463 non
891 3399 931 3462 sit
953 3399 1086 3481 diversa,
1103 3398 1176 3462 ideo
1197 3401 1374 3464 notandum

385 3504 473 3587 quod
505 3504 553 3567 lex
591 3517 698 3586 potest
735 3503 796 3567 dici
829 3503 1011 3567 communis
1044 3503 1221 3587 dupliciter,
1260 3504 1376 3567 scilicet

385 3607 538 3671 obiectiva
562 3607 760 3691 obligacione
783 3609 832 3670 vel
856 3606 980 3670 lormali
1005 3607 1239 3691 predicacionc;
1270 3608 1375 3692 primo

425 3839 441 3872 ι.
457 3828 486 3872 att
507 3827 539 3873 lit.
561 3829 592 3884 Q.
619 3829 663 3874 Lit.
682 3829 699 3874 Ρ
722 3830 786 3875 deest
813 3829 836 3874 in
860 3829 915 3875 cod.
1022 3844 1044 3876 s.
1067 3832 1099 3876 lte
1126 3831 1180 3890 qaia
1201 3830 1317 3875 concessit
1337 3830 1376 3875 ad.

386 3895 406 3940 ³.
421 3899 442 3942 Α
457 3898 480 3942 in
494 3909 582 3953 rnatu:
604 3898 744 3955 Responsio.
848 3914 872 3953 ⁴·
888 3900 906 3945 lt
921 3901 944 3945 in
960 3913 1049 3958 marn:
1071 3900 1235 3962 Ethymolossta
1253 3900 1375 3958 privilegii.

386 3979 418 4011 to.
434 3968 454 4012 Α
469 3968 491 4012 ln
507 3980 592 4024 maras
613 3968 752 4023 Gregorius.
773 3968 799 4014 ln
817 3970 888 4014 codd.
906 3966 980 4027 xxv,
1001 3982 1024 4027 q.
1039 3970 1067 4016 u.
1087 3970 1192 4017 correxi·
1257 3966 1325 4015 tt.13.
1345 3967 1377 4014 os

386 4035 500 4092 privatam
515 4038 604 4091 lenanu
627 4037 688 4092 legia
701 4061 727 4071 -
741 4040 828 4095 legerat
846 4038 921 4086 deest.
1028 4040 1061 4086 st.
1084 4039 1139 4086 uta
1159 4052 1232 4097 marg.
1247 4052 1309 4086 man.
1323 4038 1375 4085 altr

387 4104 436 4149 Lea
449 4105 538 4163 priuata
551 4113 586 4150 est
601 4106 712 4152 instinctu
722 4108 819 4164 spiritns
833 4109 917 4154 moctl.
1028 4107 1060 4155 2⁵.
1075 4108 1093 4153 B
1107 4109 1132 4155 in
1147 4120 1233 4165 maras
1248 4110 1296 4156 Lea
1308 4121 1376 4156 eon·

387 4173 466 4219 munis
479 4174 614 4232 dupliciter·
628 4176 650 4221 Α
665 4176 689 4220 ln
704 4188 791 4234 marne
806 4176 854 4223 bes
869 4177 955 4224 ttcttar
968 4178 1105 4223 eommunia
1119 4176 1252 4234 dupliciter.

426 4365 463 4404 to.
482 4351 544 4403 Dee.
562 4352 584 4404 ll
602 4368 672 4422 pare,
690 4370 770 4407 cause
786 4355 867 4422 XXV,
888 4372 916 4425 q.
930 4356 949 4420 t,
968 4371 991 4408 e.
1011 4355 1080 4408 xvi.
1186 4368 1227 4409 αι.
1246 4353 1281 4408 lb.
1298 4371 1377 4410 eausa

389 4438 455 4501 ltlx,
473 4453 499 4505 q.
519 4438 549 4506 ll,
566 4453 591 4492 c.
609 4440 641 4492 tt
