3262 5226
411 457 545 554 euve]

323 655 379 709 ιο
457 637 571 702 'lercio
612 637 820 704 confirmatur
855 661 893 705 ex
932 639 995 706 hoc
1027 640 1120 726 quod
1156 637 1288 704 ecclesia
1324 636 1407 703 foret
1422 649 1617 703 eontmartons

342 756 402 824 ¹4⁶⁸
411 741 500 806 aliter
522 742 683 827 acephala,
711 763 787 809 cum
813 757 891 809 tunc
917 764 985 809 non
1011 743 1144 809 haberet
1170 756 1268 827 caput
1293 741 1405 808 intrin-
1425 704 1623 836 ‘iiim-‘ll

411 866 520 911 secum
542 847 624 912 sicut
649 863 736 934 post,
763 862 794 914 et
821 869 896 914 cum
924 870 990 914 nnn
1018 861 1127 934 potest
1156 848 1273 912 habere
1303 847 1407 913 taliter
1452 809 1592 910 ”iiiam

410 951 469 1015 nisi
494 972 596 1017 unum
618 967 727 1038 caput,
754 954 879 1019 uidetur
904 955 996 1040 quod
1022 950 1173 1019 Christus
1202 966 1277 1018 ante
1303 951 1405 1018 incar·

384 1056 576 1125 §necionem
598 1057 661 1124 tuit
676 1071 772 1144 caput
785 1080 903 1145 sponse
917 1080 975 1124 sue
989 1057 1210 1141 intrinsecum,
1224 1056 1301 1144 quia
1316 1056 1406 1122 aliter

409 1161 459 1226 vel
481 1161 610 1228 haberet
632 1164 701 1227 duo
724 1163 827 1249 capita
856 1165 908 1230 vel
931 1163 1017 1229 idem
1044 1157 1128 1228 foret
1159 1176 1259 1248 caput
1286 1161 1403 1227 extrin-

408 1287 519 1332 secum
540 1280 572 1332 et
594 1282 693 1354 caput
717 1268 935 1335 intrinsecum.
959 1270 1000 1334 Et
1014 1269 1055 1334 ad
1070 1267 1152 1332 illud
1166 1279 1284 1331 sonant
1305 1280 1403 1351 quot·

407 1370 483 1437 libet
504 1372 658 1458 scripture
690 1371 742 1461 (ut
771 1365 903 1459 allegari
931 1374 1008 1439 alias
1029 1374 1069 1438 de
1102 1373 1198 1438 beato
1228 1372 1404 1459 leronymn

408 1474 439 1539 in
462 1477 603 1562 quedam
625 1477 761 1563 epistola
782 1480 822 1544 ed
845 1479 982 1544 Paulum
1004 1491 1036 1544 et
1057 1474 1300 1563 Eustochium).

368 1611 399 1649 ιο
450 1581 512 1646 Hic
539 1581 656 1647 dicitur
687 1573 781 1670 'quod
818 1580 963 1669 patribus
987 1583 1101 1648 veteris
1133 1581 1316 1648 testamenti
1343 1579 1404 1645 tuit
1478 1589 1595 1654 Repty..

406 1685 464 1751 hec
487 1701 573 1752 vera:
597 1689 734 1753 verbum
756 1702 803 1754 est
824 1689 926 1754 homo
944 1687 1091 1754 Christus
1105 1689 1206 1754 Jesus.
1230 1685 1294 1771 lpsi
1317 1642 1583 1751 enimsseoffm'ff'

407 1793 584 1858 secundum
607 1806 736 1858 sanctos
758 1794 939 1860 habuerunt
962 1795 1098 1859 eandem
1113 1791 1212 1857 fidem
1227 1790 1329 1878 quam
1343 1810 1404 1854 nos
1432 1749 1611 1864 mam:

405 1895 571 1966 habemus.
595 1899 672 1963 lden
695 1899 777 1965 sicut
799 1920 859 1965 nos
875 1898 1033 1964 credimus
1056 1897 1257 1963 mencionem
1278 1895 1404 1979 mundi,
1422 1888 1442 1952 .’
1468 1944 1473 1951 .
1615 1899 1616 1903 ’

406 2003 506 2067 carnis
528 2003 797 2069 resurrectionem
819 2018 851 2071 et
871 1994 972 2070 uitam
983 2017 1137 2086 eternam,
1160 2002 1222 2068 hoc
1238 2014 1296 2086 est,
1312 2001 1404 2087 quod
1469 1996 1473 2004 '

366 2123 395 2176 15
406 2108 492 2172 Deus
508 2122 653 2195 tempore
676 2131 737 2174 sun
760 2124 843 2176 creat
865 2111 1038 2193 mundum,
1054 2110 1147 2196 quod
1162 2107 1283 2173 mortui
1294 2105 1402 2172 'resur-

404 2227 491 2299 gent,
513 2228 545 2279 et
559 2217 651 2300 quod
666 2215 750 2280 beati
765 2216 877 2282 vivunt
892 2215 1070 2281 eternaliter
1089 2227 1166 2300 post
1179 2210 1266 2277 diem
1281 2210 1403 2291 iudicii,

404 2317 448 2382 ita
470 2333 604 2405 utraque
628 2320 759 2385 ecclesia
781 2321 879 2386 credit
895 2320 1164 2403 incarnacionem,
1179 2317 1298 2383 scilicet
1312 2315 1404 2402 quod

404 2421 550 2488 Christus
571 2445 633 2508 pro
657 2445 718 2489 sun
748 2440 892 2511 tempore
919 2425 1111 2490 incarnatur.
1140 2424 1182 2488 Et
1208 2422 1253 2488 sic
1280 2440 1401 2506 propo·

403 2527 481 2591 sicio
503 2543 625 2595 nostra:
650 2529 797 2594 Christus
818 2544 867 2595 est
888 2529 1000 2612 horno,
1024 2529 1105 2594 foret
1133 2528 1166 2592 in
1189 2527 1284 2612 signo
1313 2540 1400 2591 utro·
1446 2544 1476 2578 ω
1489 2533 1530 2582 rar
1543 2537 1597 2583 that

362 2631 499 2717 'lbi‘lue
521 2654 614 2718 lens.
628 2656 695 2699 ¹¹0ss
710 2634 785 2721 quia
801 2650 878 2701 tunc
893 2636 1045 2721 estquod
1060 2633 1208 2699 Christus
1223 2647 1273 2696 est
1287 2631 1400 2714 homo,
1410 2583 1516 2686 besum
1524 2591 1608 2688 '1¹1⁰'

403 2738 458 2801 sed
489 2739 566 2824 quia
596 2761 713 2805 verum
744 2754 791 2806 est
822 2741 912 2827 quod
944 2739 1092 2806 Christus
1130 2752 1179 2804 est
1201 2738 1303 2802 homo
1339 2756 1400 2822 pro
1482 2693 1554 2741 “m
1612 2735 1615 2741 ’

402 2863 462 2908 sun
499 2856 653 2929 tempore,
677 2846 744 2909 Nec
779 2846 873 2910 video
910 2844 999 2931 quod
1037 2843 1185 2932 Christus
1203 2856 1263 2919 ‚est
1298 2840 1402 2906 homo

334 2959 394 3028 146⁸
402 2967 460 3031 pro
471 2946 526 3012 illo
535 2963 693 3034 tempore,
718 2970 792 3013 curn
812 2963 890 3015 tunc
916 2945 1187 3035 compo*neretur
1207 2969 1245 3013 ex
1266 2966 1402 3032 corpore

402 3064 433 3116 et
456 3052 561 3117 anima
583 3073 685 3140 quam
706 3068 881 3119 assumeret
902 3074 963 3140 pro
985 3053 1042 3118 illo
1065 3068 1222 3140 tempore,
1244 3049 1279 3118 et
1290 3050 1399 3138 'potis-

361 3173 391 3226 25
403 3158 483 3224 sime
505 3158 586 3225 foret
608 3159 733 3245 primus
756 3161 861 3225 Adam
884 3161 1063 3225 secundum
1088 3151 1256 3223 materiam
1278 3172 1310 3223 et
1332 3153 1400 3223 nun

402 3266 580 3330 secundum
603 3264 748 3329 raciones
771 3264 951 3348 seminales,
973 3264 1111 3350 qualiter
1133 3261 1301 3349 apostolus
1323 3261 1401 3328 dicit

403 3371 482 3436 Levi
494 3370 609 3455 fuisse
631 3372 665 3436 in
694 3370 812 3435 lumbis
841 3370 982 3452 librale,
1006 3382 1038 3433 et
1060 3368 1198 3455 qualiter
1224 3364 1401 3433 Anselmus

402 3474 494 3538 dicit:
519 3473 641 3540 Omnes
663 3494 724 3540 nos
736 3466 849 3560 fuisse
869 3475 991 3552 Adam,
1015 3475 1070 3538 sed
1093 3468 1269 3540 limitamm
1287 3485 1339 3538 est
1357 3472 1400 3536 ad

403 3577 605 3643 existenciam
628 3579 828 3645 individuam
850 3577 1058 3644 humanitatis
1082 3577 1212 3645 Christi.
1266 3593 1288 3629 2'
1335 3574 1341 3586 '

360 3698 394 3751 30
446 3684 488 3747 Et
508 3684 548 3746 ad
563 3684 704 3768 primam
720 3684 907 3750 instanciam
918 3684 1034 3749 dicitur
1047 3685 1139 3770 quod
1155 3704 1221 3749 nnn
1238 3683 1397 3770 sequitur:

374 3788 474 3860 2Hoc
497 3790 675 3855 eternaliter
697 3789 757 3856 luit
782 3804 813 3855 et
839 3790 901 3855 hoc
928 3803 976 3855 est
1008 3789 1068 3855 iste
1089 3788 1203 3873 homo,
1231 3810 1307 3875 ergo
1338 3790 1399 3855 iste

401 3891 501 3959 homo
538 3895 717 3961 eternaliter
755 3895 833 3980 luit,
872 3895 1061 3962 deducendo
1098 3885 1180 3980 pure
1209 3907 1397 3962 creaturam.

438 4111 471 4147 ro.
484 4103 506 4146 Δ
519 4101 543 4148 ln
557 4115 648 4162 marm
668 4101 815 4171 Responsloa
916 4100 948 4147 rs.
961 4101 985 4147 Δ
997 4100 1042 4157 Au
1069 4099 1131 4147 deus
1144 4101 1222 4148 deese.
1319 4098 1350 4148 ri.
1364 4101 1399 4150 Ba

398 4177 531 4229 resurgunt.

443 4329 483 4383 26.
502 4332 551 4400 Ep.
570 4331 646 4384 Pauli
665 4333 699 4386 ad
711 4327 797 4385 'llebn
815 4334 872 4400 vlt,
891 4330 915 4387 5.
996 4348 1037 4402 ²7·
1056 4332 1187 4399 llnselrul⁸
1204 4332 1245 4385 De
1262 4342 1396 4402 tnneepna

399 4415 519 4487 virginali
528 4429 555 4471 et
563 4420 687 4487 originali
697 4431 806 4490 peccato
816 4437 874 4492 cap.
883 4420 925 4473 xl.
937 4419 1021 4488 (Opp.
1031 4419 1074 4472 ed.
1084 4419 1232 4487 Gerberon,
1242 4434 1302 4490 pag.
1314 4419 1395 4488 ¹tut.)
