3262 5226
392 344 525 438 caa.tv.]
770 365 815 417 na
832 363 1010 417 accessit.
1077 365 1079 369 ’
1553 368 1597 433 72

313 520 507 594 noluerint
528 520 695 586 dominum
719 522 827 585 Jesum
849 518 1024 584 Christum.
1056 518 1174 584 Tercio
1201 540 1277 583 vero
1299 530 1479 630 εοιι-κῖνιὶγῃ
1487 532 1600 630 2333qu

239 670 241 674 ι
323 607 489 689 ¹38‘lidant
511 626 544 689 in
567 647 627 690 suo
649 624 762 689 humili
781 622 957 688 ministerio
973 622 1102 687 ecclesie
1117 637 1149 688 et
1164 645 1230 688 non
1245 623 1278 686 in
1293 622 1374 686 fastu
1385 633 1598 734 m¹³¹¹fl{5·'⁴l‘⁰⁸

322 731 440 818 139·vel
466 744 582 816 questu
614 729 720 809 seculi,
751 748 825 792 cum
857 729 964 791 solum
990 726 1035 791 sic
1056 725 1078 772 *
1100 727 1276 792 humilibus
1301 747 1376 812 pro·
1391 702 1441 734 ’ω’
1459 700 1591 786 aiuiim'

391 835 526 899 mittitur
548 835 668 898 celestis
691 831 856 899 hereditas.
881 832 968 896 Deus
990 831 1076 896 enim
1099 852 1166 897 non
1181 846 1287 919 potest
1301 851 1376 916 pro·

366 939 515 1008 §mittere
537 959 671 1022 regnum
694 939 786 1003 alicui
809 936 980 1001 christiano
1007 936 1067 999 nisi
1095 937 1156 1002 sub
1184 937 1237 1001 tali
1265 935 1376 1001 condi·

390 1043 480 1107 cione
493 1026 590 1106 tacita
604 1043 654 1107 vel
669 1063 823 1128 expressa,
837 1055 874 1106 ut
888 1041 1082 1126 pertinenter
1099 1040 1243 1105 innuitur
1258 1041 1286 1104 1ο
1297 1041 1376 1126 aeg.

391 1168 458 1231 cap.
470 1147 512 1210 110
521 1148 560 1210 de
575 1146 669 1232 Hely,
692 1161 730 1213 et,
745 1146 819 1210 alibi
838 1144 944 1231 sepius
964 1144 1175 1230 inscriptura.
1198 1146 1239 1211 Et
1254 1145 1378 1210 utinam

391 1251 489 1315 nostri
512 1250 623 1335 prelati
644 1252 685 1315 ad
708 1250 901 1315 sentenciam
923 1250 1018 1314 istam
1039 1251 1247 1315 attenderent.
1317 1291 1323 1299 -

435 1356 558 1433 Quarto
573 1355 710 1420 obicitur
723 1376 780 1440 per
793 1355 855 1419 hoc
869 1357 958 1440 quod
974 1374 1040 1418 nou
1055 1355 1189 1418 docetur
1204 1353 1379 1436 efficaciter,
1406 1379 1431 1419 ι.
1446 1365 1590 1430 ostentam

351 1460 520 1544 loquendo
557 1458 740 1545 quicunque
777 1460 817 1525 sit
854 1459 1037 1524 membrum
1073 1458 1203 1524 ecclesie
1241 1458 1296 1544 qui
1333 1419 1602 1524 estillil'ae‘bill

390 1563 423 1626 in
454 1562 558 1648 gracia
589 1566 765 1629 secundum
797 1579 978 1650 presentem
1013 1561 1182 1646 iusticiam,
1205 1522 1604 1648 specialiter¹'1l0¹¹¹dl¹.'’.{l,⁰‘

391 1688 466 1732 curn
497 1682 624 1733 sanctus
655 1669 800 1734 Thomas
829 1668 906 1733 dicit
936 1668 998 1733 hoc
1031 1687 1187 1753 expresse,
1225 1683 1257 1734 et
1293 1668 1379 1733 idem
1473 1688 1475 1692 ⁴

391 1771 515 1837 videtur
545 1773 634 1858 sequi
666 1794 703 1838 ex
734 1773 824 1838 dictis
855 1772 981 1838 Ricardi
1018 1772 1058 1835 de
1093 1772 1211 1836 Sancto
1242 1772 1378 1838 Victore.

393 1876 493 1942 Aliter
520 1878 605 1942 enim
633 1899 729 1942 nemo
752 1878 931 1942 absolveret
952 1875 1125 1961 prescitum
1149 1897 1207 1942 nec
1229 1877 1379 1963 incorpo-

352 1998 381 2051 15
393 1995 472 2046 raret
487 1981 683 2067 penitentem
699 2004 756 2067 per
771 1981 949 2047 misterium
958 1995 1231 2046 sacramentorum
1239 1982 1379 2064 ecclesie,

392 2086 488 2150 etsie
511 2087 659 2153 titubaret
680 2087 758 2153 fides
780 2101 1051 2152 sacramentorum
1074 2100 1140 2150 tam
1163 2108 1201 2150 ex
1216 2086 1378 2151 incertitu·
1402 2099 1576 2196 ardllll‘h

392 2191 465 2254 dine
501 2191 637 2257 ministri
673 2214 772 2279 quam
808 2215 844 2257 ex
885 2190 1067 2276 ignorancia
1098 2190 1379 2275 predestinacionis
1413 2165 1592 2251 sienmenrs‘

393 2297 607 2362 ministrantis.
642 2299 702 2362 Hic
725 2298 837 2363 dicitur
860 2297 911 2385 (ut
932 2295 1040 2383 supra)
1072 2296 1163 2380 quod
1194 2295 1380 2381 quicunque

392 2401 551 2466 vocaverit
572 2404 743 2486 prescitum
764 2405 795 2467 in
811 2403 915 2489 gracia
929 2402 1111 2466 membrum
1126 2400 1265 2484 ecclesie,
1288 2400 1379 2486 equi·

351 2521 485 2574 sevocat
518 2527 592 2571 cum
616 2509 797 2593 Augustino
828 2509 868 2571 de
899 2506 1054 2590 scriptura
1085 2526 1182 2588 sacra,
1213 2507 1381 2570 attendens
1435 2535 1557 2582 Am„

393 2611 432 2673 ad
456 2612 592 2675 modum
614 2613 765 2697 loquendi
782 2611 944 2694 vulgarem
967 2624 998 2673 et
1020 2610 1260 2694 reputacionem
1280 2611 1380 2674 eccle·
1398 2587 1600 2687 ,illif‘stffi

393 2714 439 2777 sie
476 2715 649 2782 militantis.
691 2716 764 2781 ideo
801 2714 923 2778 detecta
961 2714 1208 2799 equivocacione
1244 2714 1381 2799 expressi
1399 2692 1601 2792 mssinbssffiss’

395 2818 541 2902 superius
572 2817 763 2882 sentenciam
787 2818 886 2882 sancti
910 2819 1048 2883 Thome.
1086 2820 1128 2884 Et
1149 2821 1237 2884 idem
1260 2818 1384 2883 videtur
1444 2795 1555 2845 cm·

395 2922 547 2985 Ricardus
577 2922 691 2986 sentire
717 2924 816 3007 quod,
842 2922 924 2987 sicut
950 2924 1182 3007 predestinatus
1213 2924 1246 2987 in
1279 2944 1382 3010 quan·

354 3041 593 3110 ,stumcunque
631 3047 747 3111 magno
786 3028 910 3092 mortali
949 3043 1056 3092 manet
1093 3028 1245 3094 continue
1281 3049 1384 3093 mem·

396 3132 492 3194 brum
524 3129 651 3212 Christi,
682 3131 727 3195 sie
759 3133 911 3216 prescitus
943 3133 1060 3217 absque
1093 3132 1198 3218 gracia
1229 3132 1385 3219 predesti-

397 3234 538 3299 nationis
563 3252 848 3323 quantumcunque
880 3258 1031 3320 magnam
1065 3237 1205 3319 graciam
1237 3258 1384 3302 momen·

396 3355 522 3404 taneam
553 3340 696 3406 habuerit
736 3363 801 3405 non
839 3357 981 3407 remanet
1012 3342 1079 3406 eius
1108 3345 1302 3423 membrum.
1333 3342 1386 3409 Sic

398 3445 483 3508 enim
510 3444 536 3507 si
564 3445 644 3510 ioret
678 3447 911 3531 paterfamilias,
949 3449 1062 3512 cedens
1090 3449 1213 3533 lignum
1241 3448 1281 3512 de
1308 3448 1387 3513 silva

356 3568 389 3622 30
398 3551 486 3634 quod
501 3551 627 3616 ordinat
640 3539 874 3638 aliquantulum
889 3554 1031 3637 expoliri,
1041 3554 1097 3617 sed
1111 3551 1386 3637 composicionem

398 3655 514 3719 domus
537 3676 593 3719 sue
617 3678 782 3743 nunquam
805 3657 936 3743 ingredi,
966 3679 1030 3721 non
1052 3678 1125 3721 vere
1148 3657 1313 3740 diceretur,
1335 3657 1386 3722 vel

398 3761 488 3845 quod
518 3760 627 3845 ipsum
656 3762 781 3847 lignum
811 3763 1020 3848 preparaverit
1047 3761 1079 3824 in
1108 3777 1232 3847 partem
1258 3763 1386 3846 domus,

443 3926 467 3970 9.
481 3915 502 3959 A
516 3912 540 3956 ln
555 3925 642 3971 marne
657 3913 746 3972 Quarti
759 3914 873 3961 obieccio.
934 3925 966 3959 ιι.
979 3914 1009 3959 B:
1024 3913 1079 3959 ideo
1094 3912 1199 3971 videtum
1243 3914 1279 3962 tls
1292 3912 1387 3961 Ricardl

401 3984 472 4029 deest.
552 3983 584 4030 1⁶.
600 3984 628 4029 tt:
643 3986 769 4031 tutubrret.
853 3998 884 4043 ¹7·
901 3986 933 4032 18.
948 3986 1021 4042 AA,=
1044 3984 1256 4042 predestinationis
1276 3984 1385 4030 ministri.

400 4051 432 4096 Ba
446 4052 577 4099 ministrati.
599 4053 601 4059 ’
670 4067 704 4115 ¹9·
718 4057 741 4100 A
761 4055 785 4100 ln
805 4069 890 4112 marga
911 4055 1051 4112 Responsio.
1072 4054 1170 4100 Preseiri
1191 4062 1214 4100 et
1234 4053 1386 4112 predestinati

400 4123 521 4180 quomodo
534 4131 587 4169 sunt
602 4123 626 4169 in
640 4125 746 4170 eeclesia.
829 4125 862 4171 ai.
878 4128 911 4172 Aa
926 4125 1008 4171 iterum
1023 4124 1122 4170 videtur.
1138 4125 1167 4169 uz
1183 4123 1296 4181 Ricardnr
1312 4123 1385 4170 deesi.

400 4192 433 4239 ab.
447 4195 507 4239 Aia
521 4207 607 4253 marn:
622 4195 757 4243 Conclusio.
835 4197 871 4242 28.
886 4198 909 4241 A
923 4196 1048 4252 inmargn
1063 4195 1212 4254 Exemplum.
1243 4252 1246 4258 ι

449 4319 488 4356 ιι.
506 4303 532 4356 S.
551 4303 670 4357 Thomas
688 4314 714 4356 et
732 4302 877 4357 Richardus
896 4305 930 4358 de
949 4305 976 4360 S.
987 4302 1093 4357 Victore
1111 4304 1162 4359 loc.
1180 4303 1224 4357 clt.
