3262 5226
389 584 530 680 centu}
775 602 822 655 nr.
840 602 1018 657 ncctnstn.

279 781 305 834 ι,
322 775 451 849 149·pro
473 781 666 848 quocunque
681 759 794 824 scelere
809 757 927 823 subditi
949 757 997 822 sui
1013 758 1130 845 gregim
1153 777 1215 843 que
1230 757 1256 821 ti
1270 774 1376 826 essem

391 888 465 931 vern
500 865 662 930 tolleretur
692 885 711 927 ι
747 861 875 947 prelatis
909 877 1048 948 potestus
1082 863 1379 929 excommunicandi

392 971 561 1051 subiectos,
583 989 660 1033 curn
681 987 749 1032 non
770 965 843 1031 iicet
861 967 1137 1033 excommunicato
1160 968 1380 1033 excommuni-

393 1096 462 1141 care
485 1093 689 1159 quemquam,
712 1092 825 1157 ymmo
845 1092 920 1137 cum
942 1086 978 1137 ut
1000 1071 1044 1138 sic
1066 1073 1106 1138 sit
1124 1073 1290 1155 hereticus,
1313 1095 1381 1140 non

369 1179 467 1247 ilicet
488 1177 545 1241 sibi
568 1176 744 1240 ministrare
766 1176 873 1262 aliqua
894 1192 1099 1243 sacramenta.
1136 1179 1203 1243 Nec
1225 1178 1308 1244 cadit
1326 1201 1381 1244 ex·

394 1282 519 1348 cumcio
530 1282 618 1367 quod
631 1280 770 1365 prelntut
785 1301 852 1344 non
861 1282 1125 1366 excommunicet,
1140 1284 1196 1348 red
1210 1283 1383 1350 denunciat

394 1388 472 1451 tales
494 1384 783 1450 excommunicatos
805 1386 846 1449 de
873 1386 950 1469 iure,
976 1387 1053 1473 quin
1079 1388 1150 1452 tnlie
1172 1388 1381 1453 denuncincio

394 1505 442 1556 cst
463 1489 638 1555 deirmncio
660 1487 816 1572 minimie;
839 1503 871 1555 et
884 1510 923 1554 ve
943 1490 988 1554 illi
1003 1491 1059 1577 qui
1074 1492 1177 1558 tuliter
1191 1492 1383 1559 scandalizat

395 1595 523 1661 intrem
544 1615 649 1661 suum.

372 1713 387 1766 t
440 1702 498 1765 Est
512 1714 619 1764 nutem
635 1699 927 1766 excommunicacio
941 1701 1059 1767 iniusta
1077 1702 1252 1787 tripliciter:
1274 1701 1383 1768 Primo
1411 1719 1589 1784 &communt-

396 1805 528 1890 quundo
561 1805 707 1868 sacerdos
730 1825 767 1869 ex
788 1825 917 1869 mucore
944 1819 975 1870 et
1000 1806 1070 1871 zelo
1085 1807 1223 1872 vindicte
1254 1772 1610 1887 excom-‘iiiiiiirssi0i⁸

369 1910 540 1975 2municrt
568 1908 734 1973 subditum
759 1908 831 1974 licet
852 1929 953 1975 reum.
990 1911 1138 1976 Secundo
1161 1913 1291 1997 quando
1313 1875 1611 1996 pre-‚iiillii'i'fim

398 2017 481 2080 lutus
503 2015 614 2099 pocius
629 2036 688 2100 pro
704 2014 929 2098 temporalibus
945 2036 1043 2102 quarn
1057 2036 1117 2101 pro
1131 2037 1239 2080 amore
1261 2029 1293 2080 et
1313 2035 1385 2080 cor·

398 2119 541 2184 reccione
567 2119 685 2184 subditi
709 2138 783 2183 eum
810 2120 1074 2203 excommunicat,
1099 2120 1173 2186 licet
1199 2120 1384 2186 excomuni-

368 2226 518 2292 acundus
541 2223 633 2288 inerit
657 2224 744 2287 bono
759 2224 869 2288 modo.
892 2225 934 2288 Et
956 2225 1052 2290 tercio
1068 2226 1197 2311 quando
1220 2225 1611 2291 indiscretettruntumee

399 2329 653 2394 excommunicat
686 2327 850 2393 subditum
884 2344 1014 2414 propter
1045 2328 1163 2394 fectum
1194 2329 1385 2415 legitimum.

399 2434 488 2498 Talis
520 2447 627 2497 nutem
661 2432 952 2499 excommunicator
981 2433 1106 2499 videtur
1136 2434 1210 2519 pius
1241 2433 1387 2519 poliuere

399 2554 538 2603 sanctam
551 2538 716 2602 ecclesiam
729 2559 827 2623 quam
841 2539 1045 2624 corporaliter
1059 2539 1206 2604 occidens
1219 2538 1388 2605 hominem

399 2643 440 2707 ud
462 2643 572 2725 aitare3
594 2662 653 2726 pro
669 2664 735 2729 quo
751 2644 928 2708 notandum
947 2645 1037 2730 quod
1052 2644 1222 2730 corporalis
1244 2644 1388 2730 pollutio

358 2747 524 2812 corridetur
554 2768 620 2810 esse
657 2747 981 2813 excommunicacioni
1015 2749 1220 2835 inpertinenu
1255 2748 1316 2815 nisi
1344 2746 1388 2813 de

401 2866 522 2938 quanto
538 2852 618 2937 sapit
640 2867 815 2936 peccaturo,
839 2866 909 2917 tum
929 2854 1004 2940 quia
1017 2852 1161 2940 poliucio
1182 2874 1241 2940 per
1254 2867 1388 2939 sputum

399 2957 450 3020 vel
465 2957 525 3020 alin
547 2958 689 3041 pondera
705 2973 814 3021 nature
830 2957 911 3024 ioret
926 2959 1049 3045 turpior
1061 2980 1161 3045 quarn
1174 2958 1316 3044 pollutio
1330 2977 1389 3043 per

401 3082 509 3126 semen
532 3063 581 3125 vel
607 3063 803 3148 sanguinem,
836 3076 907 3127 tum
937 3064 1038 3129 eciam
1065 3063 1140 3151 quia
1165 3063 1219 3127 itia
1244 3061 1389 3147 pollucio

400 3166 524 3230 deletur
545 3187 601 3250 per
622 3166 783 3231 locionem
803 3188 998 3253 corporeum.

361 3280 393 3335 rt
446 3271 493 3334 Ex
508 3271 573 3335 istis
587 3271 722 3353 videtur,
746 3292 819 3336 curn
835 3272 949 3338 iniuste
965 3272 1244 3338 excommunicans
1259 3271 1386 3335 fratrem
1403 3306 1492 3365 um
1505 3322 1606 3357 excon-

402 3396 497 3440 suum
520 3373 739 3463 (quantumin
754 3398 791 3442 eo
806 3376 867 3465 est)
891 3379 1006 3444 occidit
1025 3379 1166 3442 animam
1189 3391 1221 3442 et
1248 3377 1388 3458 virtutes,
1411 3362 1601 3461 ωξξξξῗξῖζξ*

402 3481 457 3544 sed
473 3481 644 3566 corporalis
666 3481 826 3546 homicida
848 3503 913 3546 non
929 3483 1044 3548 occidit
1065 3496 1102 3546 ut
1123 3481 1250 3546 sic-nisi
1272 3501 1390 3567 corpus
1452 3467 1563 3514 murder.

403 3585 618 3670 solummodo,
633 3586 776 3672 sequitur
789 3588 887 3673 quod,
910 3587 990 3652 sicut
1006 3587 1111 3651 anime
1127 3585 1248 3650 excedit
1262 3606 1390 3670 corpur,

403 3690 448 3754 sic
471 3691 586 3756 occisio
618 3692 651 3755 in
683 3691 824 3757 animum
850 3705 1028 3777 perpetrata
1058 3691 1179 3756 excedit
1205 3691 1239 3755 in
1266 3691 1392 3756 malicia

362 3800 395 3853 30
405 3795 596 3860 occisionem
620 3797 771 3882 corporis.
807 3797 856 3860 Ex
878 3817 943 3881 quo
965 3796 1099 3878 videtur,
1127 3815 1201 3859 curn
1222 3808 1391 3880 peccatum

405 3921 470 3963 non
493 3915 597 3986 potest
623 3901 788 3967 subiectari
810 3903 842 3966 in
865 3902 968 3986 lapide
994 3902 1045 3965 vel
1071 3899 1195 3965 edificio
1223 3900 1390 3985 corporali,

405 4007 494 4091 quod
529 4005 618 4070 locus
649 4028 706 4092 per
737 4029 769 4071 se
805 4027 871 4071 non
902 4005 1018 4092 polluit
1054 4025 1129 4069 suot
1170 4000 1299 4088 incoins,
1335 4006 1392 4070 ted

446 4272 479 4307 ro.
495 4263 516 4307 Α
530 4262 553 4306 in
576 4274 664 4319 marg-r
685 4261 820 4322 'tripliciter
833 4262 889 4310 iecit
902 4261 1120 4309 excommuniceclo
1133 4262 1229 4308 iniutte.
1245 4261 1263 4307 Β
1277 4261 1301 4308 in
1315 4273 1391 4320 matu.

408 4343 470 4376 man.
484 4332 539 4377 cite
560 4330 782 4379 Excornmnnieecio
798 4332 928 4391 tripliciter.
1032 4332 1061 4379 ri.
1075 4333 1099 4378 Α
1112 4331 1136 4378 in
1151 4344 1242 4391 comp:
1260 4330 1335 4388 Νοιις
1354 4331 1390 4378 De

407 4401 654 4448 excommunicecione
673 4415 775 4460 perenne
794 4403 830 4449 roi
848 4401 904 4448 ioci.
933 4402 1026 4459 (ibere
1041 4401 1093 4456 ¹⁴0¹
1111 4401 1211 4448 without
1228 4401 1295 4447 rnerk
1310 4400 1339 4448 oi
1352 4412 1392 4448 te·

406 4470 517 4529 ierenee.)
539 4473 563 4518 Α
575 4473 619 4529 Ap
634 4471 703 4518 inerit
720 4472 795 4518 deest.
899 4482 935 4527 2⁴·
950 4471 982 4517 Dr
1004 4470 1160 4530 corportiem.
1178 4470 1214 4516 Ex
1226 4468 1278 4517 irtio
1290 4469 1393 4530 videtur,

407 4541 480 4598 qnod.
559 4541 595 4588 28.
609 4543 631 4587 Α
646 4542 676 4588 uz
691 4542 744 4588 eolo
758 4542 838 4588 modo.
934 4541 967 4589 32.
981 4540 1015 4586 Dr
1028 4548 1057 4602 p·
1069 4556 1093 4584 ε
1105 4551 1221 4599 percone3
1235 4547 1311 4588 rectet
1325 4550 1343 4599 p
1357 4552 1392 4588 te.
