3262 5226
660 398 855 457 'menan
871 398 1021 455 wrmr.
1196 378 1276 473 [ma.
1290 394 1354 442 xvt

373 556 509 625 minium
535 574 695 625 remanent
715 570 795 644 sput
816 554 989 621 dominum
1009 557 1192 623 seculsrem,
1215 556 1378 626 ulteriusr
1393 563 1426 629 le

373 662 455 729 sicut
483 664 599 729 doctor
627 662 774 729 coneedit
801 664 892 750 quod
924 674 972 729 est
1001 662 1041 725 de
1075 660 1218 728 libertate
1247 661 1353 725 domi·
1366 656 1428 712 ¹8¹⁶

374 786 491 833 norum
504 766 692 833 seculsrium
712 766 802 855 qnod
816 781 955 855 possum
976 748 1140 831 translerre
1161 765 1212 831 ius
1224 781 1256 832 et
1275 786 1353 851 pos·

372 870 528 937 sessiones
552 872 585 937 in
609 870 703 955 elios,
731 870 778 937 sic
807 871 993 936 concederet
1023 869 1204 934 evidencius
1229 869 1291 934 boc
1313 870 1353 934 de

372 977 563 1059 clero‚.cnm
583 974 667 1043 lsico
687 976 728 1042 sit
749 974 850 1063 magis
871 989 1007 1061 cognate
1023 973 1169 1039 secularis
1182 975 1377 1059 poscendus

178 1100 349 1155 κωκυ
415 1080 506 1165 ltem‚
532 1101 599 1146 non
620 1080 755 1148 dubium
777 1078 855 1166 quin
876 1079 963 1145 clero
995 1092 1103 1165 potest
1125 1099 1238 1144 nocete
1262 1093 1383 1149 terre-n

158 1157 492 1271 assuffiffioorum
521 1184 660 1269 bubicio,
689 1184 716 1251 si
750 1205 827 1270 ergo
866 1204 935 1248 non
957 1183 1062 1249 liceret
1092 1183 1152 1249 sibi
1183 1197 1258 1249 tunc
1283 1183 1353 1269 ipss

172 1262 352 1361 ll'aw
372 1289 558 1377 relinquere,
573 1288 645 1377 ipse
665 1288 749 1357 loret
769 1304 881 1356 contre
901 1289 1006 1375 legem
1026 1288 1084 1353 Dei
1104 1287 1181 1374 ipsis
1199 1287 1352 1353 diabolice

217 1374 303 1413 Μ
372 1396 555 1479 copulatus3
575 1394 722 1461 Christus
743 1393 830 1459 enim
851 1392 990 1479 precepit
1011 1394 1077 1459 suis
1091 1393 1245 1478 apostolis
1259 1414 1352 1457 mun·

280 1550 285 1559 .
372 1498 454 1563 dnus
468 1498 653 1586 relinquere.
667 1498 785 1565 Paulus
799 1519 874 1565 cum
888 1496 997 1589 potuit
1009 1496 1155 1562 habuisse
1169 1497 1231 1563 vite
1244 1518 1349 1562 neces·
1364 1527 1395 1564 ao

372 1600 453 1668 saris
473 1604 514 1667 de
535 1602 723 1685 Corinthiis,
745 1623 813 1669 non
836 1623 913 1669 usus
934 1590 995 1669 luit
1016 1602 1069 1666 ills
1102 1616 1267 1687 potestnte,
1294 1604 1350 1668 sed

170 1712 350 1815 ffigffl
372 1722 405 1773 ct
423 1707 621 1794 Augustinus
639 1709 762 1795 rogsvit
775 1708 858 1774 cives
880 1727 958 1772 suos
977 1706 1112 1792 recipere
1134 1707 1350 1793 possessiones

210 1820 311 1879 ,usne
371 1833 451 1899 quss
481 1812 539 1877 sibi
561 1813 766 1879 donsverant.
810 1814 918 1892 Quare
939 1832 1017 1898 ergo
1043 1832 1110 1875 noa
1136 1812 1242 1897 potuit
1268 1835 1349 1898 popa

370 1932 403 1984 et
422 1916 554 2003 quilibet
579 1918 660 1984 nlius
689 1917 762 1984 cleri
784 1919 915 1983 dotatus
946 1916 1128 2003 capitaneus
1158 1916 1202 1981 sic
1225 1916 1349 2001 lecisse;

371 2021 415 2086 illi
436 2020 524 2087 enim
543 2022 654 2090 utilius
675 2037 886 2110 procurarunt
907 2041 968 2107 pro
989 2042 1103 2107 genere
1124 2022 1198 2088 cleri
1218 2036 1349 2108 postero
1362 2034 1392 2086 15

370 2146 467 2213 quem
488 2126 645 2194 silvester.
971 2210 975 2216 1
1372 2183 1377 2189 .

156 2250 361 2299 strumensis
412 2232 502 2315 item,
525 2252 591 2297 non
613 2253 651 2298 es
673 2232 842 2298 dotacione
864 2252 988 2296 cesaree
1018 2230 1221 2296 constituitur
1247 2243 1380 2297 novusu

155 2306 276 2403 alitum?
267 2304 361 2403 nisiin-
370 2338 452 2400 ordo
474 2336 546 2402 cleri
569 2336 624 2423 qui
646 2320 906 2403 sine'dotncione
928 2335 1113 2401 huiusmodi
1137 2358 1204 2400 non
1225 2335 1349 2420 luisset3

165 2410 287 2455 mentm
417 2440 447 2456 ..
792 2441 800 2457 .
907 2440 915 2457 .
996 2442 1005 2459 .
1103 2442 1111 2457 .
1274 2441 1282 2457 .

154 2460 271 2506 rurum
289 2420 503 2526 &liquatuor
524 2463 601 2527 ergo
624 2443 706 2507 ordo
727 2443 801 2507 clerr
822 2456 931 2528 potuit
960 2440 1056 2509 luisse
1086 2464 1153 2506 stae
1180 2443 1349 2506 doucrone

171 2513 272 2593 Ψ
285 2512 311 2559 ¹*
368 2545 552 2612 autuman
575 2567 649 2613 cum
671 2560 758 2613 aaa
775 2546 979 2633 religiosam
999 2546 1120 2612 orum
1140 2545 1221 2612 aeut
1236 2547 1392 2610 moroso

370 2650 417 2715 Ex
438 2670 506 2737 quo
538 2649 682 2737 sequitur
712 2652 801 2737 quod
833 2651 964 2716 dotscio
998 2650 1067 2717 talis
1090 2671 1278 2738 quecunque
1299 2665 1348 2716 est

368 2753 472 2819 ordini
494 2754 568 2820 cleri
590 2754 810 2841 impertinens;
825 2755 915 2821 nliter
937 2756 1077 2819 enimin
1100 2754 1346 2841 spoliationibus

367 2859 541 2924 domorum
562 2858 781 2944 religiosorum
811 2874 843 2925 et
874 2858 907 2924 iu
937 2860 1166 2946 conquestibus
1196 2873 1347 2925 terrarum

368 2964 599 3029 destruerentur
634 2964 918 3050 proportionaliter
953 2965 1263 3049 possessionntorum
1294 2986 1346 3030 or·

367 3069 466 3149 dines,
488 3085 519 3134 et
533 3069 577 3134 sic
589 3069 782 3135 variarentur
796 3069 923 3133 ordines
938 3069 981 3133 illi
996 3070 1288 3155 proporcionaliter,
1312 3086 1348 3137 ut
1358 3079 1389 3133 25

239 3239 243 3247 ,
368 3172 495 3238 dotncio
517 3174 662 3257 variatur,
681 3177 771 3259 quod
791 3173 947 3239 dementis
969 3175 1148 3240 est-dicere.
1171 3175 1258 3241 Sicut
1271 3197 1348 3262 ergo

370 3277 402 3342 in
424 3278 526 3364 prima
548 3279 715 3343 dotatione
738 3299 796 3343 sua
818 3277 925 3363 potuit
946 3279 1113 3364 religiosus
1131 3280 1347 3365 possessiones

368 3383 490 3448 oblatas
512 3382 695 3468 relinquere,
719 3383 763 3447 sic
786 3383 887 3445 nando
903 3397 978 3467 post
991 3383 1234 3467 possessionem,
1256 3389 1346 3471 quod

368 3486 394 3551 si
415 3486 600 3570 generaliter
630 3485 807 3551 voluntarie
838 3484 936 3568 lieret,
968 3500 1107 3551 maneret
1148 3487 1233 3552 idem
1263 3492 1346 3554 ordo

367 3590 539 3674 perfectior
558 3611 656 3682 qupm
677 3604 724 3656 est
747 3590 858 3655 modo.
876 3586 881 3594 ’
1355 3599 1389 3651 30

180 3709 280 3807 salnay
293 3709 332 3755 ne
410 3697 497 3778 Item,
515 3695 601 3761 iuste
622 3709 703 3760 tacte
725 3717 808 3780 pope
830 3693 940 3759 videns
962 3694 1191 3758 dissensionem
1212 3697 1283 3761 oriri
1306 3705 1416 3763 et48

367 3800 580 3885 occupatione
604 3800 702 3864 civilis
724 3799 871 3881 dominii,
894 3813 925 3863 et
947 3797 1004 3862 sibi
1027 3819 1064 3862 nc
1086 3799 1171 3863 clero
1201 3822 1261 3866 suo
1288 3824 1345 3887 per

261 3902 264 3909 ’
367 3905 518 3968 seculares
541 3925 636 3992 posse
657 3903 818 3989 procurari
845 3902 1023 3965 subsidium
1044 3901 1076 3964 in
1099 3923 1174 3967 casu
1194 3924 1261 3989 quo
1284 3906 1345 3970 illis

366 4007 625 4074 dominacionem
646 4009 733 4073 illem
754 4007 954 4091 relinqueret,
986 4027 1052 4071 non
1076 4006 1159 4072 foret
1179 4009 1290 4094 plenus
1312 4026 1344 4075 et

402 4273 420 4308 r.
433 4264 585 4320 transtra
598 4260 668 4310 Note.
752 4261 776 4309 6.
790 4274 813 4323 7.
827 4263 858 4308 Bs
872 4269 1020 4311 terrenorum
1035 4263 1178 4313 aonsblclo.
1256 4265 1291 4318 alt
1303 4266 1342 4313 Ar
1400 4319 1403 4324 ,

363 4330 588 4390 propotclonrbltsr.
