3262 5226
697 434 867 490 rouruurs
884 410 1036 488 wrearrj
1062 414 1068 422 '
1124 423 1129 428 '
1231 412 1315 498 [car.
1328 426 1357 474 a

377 592 461 657 iuxta
491 591 586 656 fidem
617 591 770 676 scripture
792 606 826 656 et
847 593 933 678 leges
955 589 1084 656 ecclesie
1114 588 1204 674 quod
1227 607 1293 652 non
1318 601 1477 676 est159·rt

376 696 677 761 communicandum
708 716 785 760 cum
807 695 874 779 tali,
908 695 968 759 nisi
991 693 1072 759 forte
1094 708 1131 759 ut
1154 706 1363 770 convertatur,

377 823 416 866 ne
437 799 554 866 inficiat
573 821 702 887 gregem
724 799 856 867 Christi.
993 784 996 789 .

189 920 222 964 Αι
235 918 343 964 laterbe
419 906 467 970 Ex
493 905 649 991 quotlibet
679 903 795 970 talibus
827 905 998 970 evidenciis
1030 903 1144 969 dicitur
1176 904 1265 989 quod
1291 903 1400 976 liceto

160 970 368 1069 ‘ssmb'ffiss‘ffl
376 1011 469 1076 talem
502 1009 668 1094 fugitivum
702 1010 979 1075 excommunicare
1002 1022 1128 1093 etpost
1157 1007 1388 1094 quadragintas

160 1075 441 1223 .”n{i?¹is¹n“,⁶idl‚⁶.d5„
462 1114 806 1180 excommunicacionis
829 1114 944 1179 carceri
968 1113 1157 1198 mancipare.
1202 1112 1265 1176 Sed
1288 1113 1363 1176 dato

189 1190 317 1237 rapum
335 1209 342 1222 ’
376 1218 436 1282 isto
451 1218 602 1304 sequitur,
625 1240 700 1284 cum
714 1219 788 1284 licet
803 1217 1080 1283 excommunicare
1095 1239 1154 1302 pro
1169 1237 1364 1302 quocunque

376 1322 520 1403 facinore,
551 1325 640 1410 quod
673 1322 826 1409 fugitivus
858 1323 930 1388 talis
958 1322 1154 1387 facinorosus
1185 1321 1226 1386 sit
1257 1321 1365 1386 statim

376 1430 698 1495 excommunicandus
707 1442 739 1493 et
750 1444 985 1514 consequenter
995 1442 1069 1514 post
1079 1425 1288 1513 quadraginta
1297 1424 1364 1489 dies

376 1533 621 1615 incarcerandus,
644 1547 769 1599 etcum
792 1554 860 1598 non
883 1533 1121 1619 habebitepost
1142 1529 1363 1597 excommuni·
1377 1548 1439 1620 ¹59¹

377 1638 537 1703 cacionem
568 1639 722 1710 maiorem
746 1639 890 1703 favorem
920 1660 1020 1724 quam
1042 1638 1186 1703 ethnicus
1209 1650 1241 1700 et
1262 1635 1364 1721 publi·

376 1763 482 1825 canus,
513 1743 638 1810 videtur
659 1745 747 1830 quod
779 1743 821 1809 sit
852 1745 892 1807 de
926 1743 1119 1808 monasterio
1151 1741 1363 1805 extrahendus

376 1846 459 1911 etin
483 1869 603 1914 carcere
625 1849 755 1934 publico
783 1869 860 1912 cum
882 1848 951 1912 aliis
974 1844 1258 1912 excommunicatis
1280 1858 1364 1909 tam·

376 1974 472 2038 quam
507 1953 627 2019 alienus
663 1975 681 2018 a
720 1952 792 2018 filiis
830 1953 961 2018 ecclesie
998 1952 1224 2017 detrudendus.
1270 1949 1365 2014 Unde

376 2079 449 2122 cum
480 2058 512 2121 in
543 2058 647 2122 dubiis
670 2058 721 2123 via
742 2058 884 2123 securior
905 2066 962 2123 'est
993 2058 1139 2139 tenenda,
1171 2069 1203 2119 et
1234 2054 1284 2118 vel
1317 2067 1405 2127 est.5

377 2162 508 2228 dubium
531 2164 580 2227 vel
601 2163 765 2248 probabile
788 2163 878 2248 quod
903 2161 1013 2226 fovens
1037 2161 1140 2227 taliter
1154 2159 1363 2224 criminosum

377 2267 434 2332 erit
469 2269 625 2352 particeps
662 2267 802 2332 criminis
840 2289 878 2331 ex
917 2287 1075 2332 consensu
1106 2267 1156 2330 vel
1182 2263 1364 2356 culpabilis,

378 2372 522 2456 negando
538 2371 728 2436 coreccionis
738 2370 937 2456 suffragium,
947 2373 1037 2457 quod
1050 2370 1131 2435 foret
1141 2389 1253 2433 verum
1269 2366 1364 2453 privi-

377 2477 504 2561 legium,
520 2476 712 2569 oppositum.
722 2475 796 2540 hinc
813 2475 990 2561 privilegio,
1006 2475 1140 2557 videtur,
1162 2495 1236 2538 cum
1252 2493 1364 2537 cursus

351 2642 356 2653 ,
376 2581 453 2666 legis
475 2580 655 2645 communis
678 2581 717 2645 sit
748 2581 799 2644 via
822 2581 973 2661 securior,
1000 2580 1090 2666 quod
1113 2579 1164 2642 illa
1188 2578 1230 2642 sit
1251 2576 1364 2661 pocius
1374 2611 1407 2648 20

376 2685 566 2752 sustinenda
612 2688 790 2766 Quomodo
825 2708 907 2772 rogo
940 2689 1081 2753 tenderet
1110 2689 1151 2750 ad
1183 2685 1365 2771 proiectum

378 2812 511 2875 persone
532 2814 591 2877 pro
614 2794 776 2878 querenda
798 2793 996 2858 beatitudine
1018 2791 1230 2856 indifferenter
1249 2810 1364 2854 omnes

378 2894 582 2979 facinorosos,
614 2897 789 2963 diabolicos
813 2912 845 2962 et
876 2897 1024 2962 inimicos
1052 2897 1180 2962 ecclesie
1203 2896 1236 2960 in
1262 2898 1365 2959 domo

378 3021 434 3064 sua
465 3017 628 3086 protegere
652 3017 683 3068 et
709 3002 904 3067 medicinam
926 3002 1140 3087 correptionis
1162 3015 1195 3066 et
1217 3021 1365 3066 censuras

378 3107 503 3169 ecclesie
525 3109 640 3194 quibus
664 3122 850 3173 sanarentur
873 3109 912 3172 ab
936 3109 981 3172 eis
1013 3102 1213 3193 precludere?
1244 3107 1365 3170 Revera
1375 3119 1406 3171 2⁵

377 3229 434 3272 nec
464 3208 526 3274 hoc
560 3232 617 3276 nec
649 3212 854 3297 participacio
889 3213 1000 3299 rapine
1028 3227 1121 3277 sonat
1147 3210 1301 3296 religiosis
1324 3212 1366 3274 ad

379 3316 597 3380 commodum.
613 3319 698 3380 Nam
715 3318 797 3402 Hely
815 3338 882 3380 non
898 3332 1030 3402 propter
1046 3317 1226 3381 fomentum
1241 3315 1365 3379 malicie

378 3416 514 3483 filiorum
537 3422 590 3484 sed
612 3435 743 3507 propter
757 3421 979 3511 remissionem
996 3421 1208 3505 correpcionis
1223 3419 1366 3483 filiorum

378 3525 507 3607 punitus
539 3525 597 3590 luit
629 3540 731 3588 morte
755 3540 785 3589 et
808 3525 952 3610 privatus
974 3547 1105 3590 summo
1127 3525 1308 3589 sacerdocio
1330 3523 1365 3586 in

378 3649 434 3692 sua
449 3628 640 3712 posteritate,
664 3644 699 3693 ut
715 3643 802 3713 patet
826 3630 855 3692 10
871 3631 1008 3713 Regum,
1024 3631 1066 3694 110
1083 3643 1113 3694 et
1128 3630 1187 3693 1v⁰
1207 3628 1365 3714 capitulis,
1374 3643 1409 3695 30

379 3746 409 3796 et
431 3732 487 3796 1110
513 3734 638 3817 Regum
668 3734 723 3798 110.
760 3735 833 3798 Hoc
858 3755 935 3819 ergo
957 3747 1067 3819 posset
1097 3754 1209 3797 sonare
1237 3734 1270 3796 in
1301 3733 1365 3818 pri·

378 3836 526 3921 vilegium
561 3837 633 3902 dicti
671 3837 732 3902 loci
769 3838 859 3923 quod
903 3838 1052 3922 fugitivos
1093 3839 1283 3923 inpotentes,
1326 3839 1366 3900 de

379 3941 493 4023 quibus
524 3940 604 4005 foret
640 3961 712 4026 spes
743 3942 963 4005 conversionis
995 3945 1034 4006 ad
1067 3943 1190 4028 frugem
1224 3941 1366 4006 melioris

380 4042 450 4126 vite,
481 4044 512 4107 in
544 4045 607 4108 vite
640 4046 821 4109 necessariis
844 4059 878 4110 et
904 4047 1049 4130 pecuniis
1081 4047 1194 4112 debitis
1223 4048 1263 4111 de
1285 4046 1368 4131 regis

380 4149 556 4212 elemosinis
579 4149 820 4216 misericorditer
835 4152 1010 4216 relevarent
1025 4166 1056 4217 et
1071 4153 1184 4237 predas
1205 4153 1366 4215 latronum
1379 4167 1410 4221 35

418 4369 451 4420 35.
465 4371 494 4418 Er
508 4373 532 4419 ln
545 4376 639 4434 predas.
732 4409 738 4417 .
