3262 5226
693 502 1029 557 rotrarrruswxcur.
1246 482 1362 576 [cina

383 662 546 749 cognoscit
576 659 732 747 explicite,
770 675 847 725 tunc
889 673 1013 726 tenetur
1042 661 1166 725 credere
1201 662 1289 747 quod
1324 661 1364 726 sit
1376 672 1476 747 1'34·0

383 768 453 832 talis
475 767 652 832 secundum
672 777 853 851 presentem
874 764 1031 830 iusticiam
1053 778 1083 830 et
1106 785 1181 830 cum
1196 763 1364 831 formidine

382 893 419 937 ac
441 870 699 937 condicionaliter
720 870 807 954 quod
830 869 871 935 sit
885 870 955 935 talis
969 869 1151 954 simpliciter
1172 869 1222 957 (ut
1242 870 1364 934 dictum

382 991 430 1042 est
450 976 593 1061 superius
615 975 655 1038 de
675 994 759 1059 papa
774 971 909 1058 nostro).
932 977 1004 1040 Non
1021 974 1107 1040 enim
1122 975 1261 1039 oneravit
1277 974 1363 1040 Deus

382 1083 427 1146 sic
448 1102 539 1145 suam
561 1078 736 1161 ecclesiam,
759 1092 795 1142 ut
818 1078 1000 1144 necessitati
1030 1079 1071 1144 sit
1103 1079 1218 1144 falsum
1239 1079 1387 1152 crederes

381 1187 421 1250 de
442 1186 507 1250 suis
528 1181 696 1270 prepositis
725 1202 801 1247 cum
821 1182 884 1248 hoe
904 1184 991 1270 quod
1015 1204 1081 1247 non
1103 1183 1180 1248 dent
1201 1183 1363 1248 materiam

382 1290 425 1355 sic
447 1288 602 1354 credendi.

176 1413 354 1476 camnusrrop
424 1395 474 1458 Ad
496 1393 591 1457 aliam
614 1389 834 1456 difficultatem
859 1393 898 1456 de
914 1391 1158 1456 canonizatione
1182 1406 1399 1464 sanctorum?

158 1466 373 1577 §dulim
364 1512 467 1584 patet
497 1498 586 1584 quod
616 1497 897 1591 correspondenter
923 1496 1165 1582 quodammodo
1187 1509 1234 1561 est
1255 1495 1362 1560 dicen·

250 1578 284 1630 ⁸5
381 1604 473 1667 dum:
520 1600 677 1682 Quamvis
708 1599 794 1664 enim
825 1600 865 1665 sit
900 1599 1121 1664 vehementior
1145 1599 1304 1665 evidentia
1325 1621 1363 1663 ex
1375 1633 1407 1671 ιο

382 1707 564 1772 testimonio
601 1708 746 1771 Romane
788 1705 917 1770 ecclesie
958 1706 1047 1791 quod
1088 1726 1223 1790 persona
1265 1725 1364 1791 quam

383 1812 547 1877 canonizat
568 1811 608 1876 sit
630 1811 811 1874 membrum
833 1810 961 1875 ecclesie
983 1810 1219 1895 triumphantis,
1242 1823 1273 1875 et
1294 1828 1363 1872 am·

382 1917 464 2001 plior
485 1914 656 1998 evidentia,
677 1914 704 1978 si
718 1935 778 2000 pro
800 1929 910 1980 sancto
926 1915 1011 1980 Deus
1034 1929 1183 2001 operetur
1201 1913 1361 1997 miracula,

381 2035 485 2085 tamen
508 2019 676 2106 utrobique
706 2018 739 2082 in
767 2018 821 2083 tali
852 2020 981 2084 materia
1012 2034 1119 2104 potest
1150 2039 1217 2083 esse
1246 2016 1362 2083 illusio.

381 2127 462 2190 Nam
484 2126 565 2191 sicut
587 2145 625 2188 ex
640 2122 840 2189 consessione
859 2125 969 2207 legum
983 2124 1112 2189 ecclesie
1133 2123 1202 2209 ipsa
1226 2123 1404 2192 militarius

382 2231 496 2316 decipit
511 2246 542 2296 et
556 2229 712 2315 decipitur
721 2225 771 2316 (ut
780 2242 866 2312 patet
872 2231 918 2293 V⁰
928 2227 1140 2312 decretalium,
1155 2229 1194 2293 de
1207 2226 1364 2292 sentencia

347 2353 353 2363 ·
382 2333 720 2399 excommunicacionis
741 2334 769 2396 Α
792 2330 896 2420 nobis)
919 2333 953 2396 in
975 2347 1100 2398 tanturn
1115 2334 1203 2419 quod
1218 2333 1363 2419 quando·

382 2461 442 2526 que
463 2440 584 2504 multos
611 2438 865 2503 excommunicat
886 2441 906 2479 ⁴*
928 2437 983 2523 qui
1006 2451 1081 2502 sunt
1102 2438 1198 2502 soluti
1221 2451 1252 2504 et
1273 2436 1363 2502 valde
1376 2447 1437 2518 ¹34⁸

382 2543 584 2629 acceptabiles
607 2545 715 2629 quoad
738 2544 856 2607 Deum:
879 2541 924 2606 sic
946 2541 1101 2625 contingit
1129 2543 1218 2628 quod
1239 2542 1363 2629 aliquos

382 2649 521 2713 absolvat
536 2662 566 2712 et
581 2647 715 2711 ascribat
731 2646 899 2730 cathalogo
910 2661 1093 2711 sanctorum
1107 2667 1183 2711 cum
1196 2646 1258 2711 hoc
1273 2649 1361 2734 quod
1371 2676 1406 2716 ιο

383 2755 466 2838 apud
488 2754 593 2818 Deum
623 2751 688 2816 sint
718 2751 889 2816 iustissime
920 2751 1154 2836 condempnati.
1187 2751 1261 2817 ldeo
1282 2753 1363 2819 absit

383 2857 586 2921 christianum
608 2857 735 2922 credere
751 2856 839 2943 quod
854 2858 894 2919 de
911 2856 1092 2921 necessitate
1108 2857 1217 2921 salutis
1236 2872 1364 2943 oportet

349 2970 354 2977 '
383 2983 512 3027 omnem
534 2961 660 3027 fidelem
690 2961 815 3024 credere
845 2959 990 3044 explicite
1013 2962 1052 3026 de
1074 2961 1134 3026 isto
1164 2975 1196 3026 et
1216 2984 1361 3048 quocun·

383 3088 444 3153 que
465 3088 562 3153 quem
584 3065 715 3130 ecclesia
746 3079 853 3129 nostra
884 3065 1060 3148 canonizat,
1093 3080 1190 3131 uteo
1222 3067 1292 3152 ipso
1324 3069 1364 3134 sit

383 3173 501 3253 beatus,
522 3171 597 3256 quia
619 3185 695 3235 tunc
711 3171 900 3235 haberemus
922 3171 1095 3234 simbolum
1111 3170 1204 3234 nimis
1219 3172 1362 3257 longum.
1374 3185 1405 3238 25

383 3277 447 3340 Nec
468 3277 621 3340 debemus
642 3275 786 3362 explicite
808 3276 932 3340 credere
954 3277 993 3340 de
1016 3295 1181 3362 quoquam
1201 3277 1252 3341 tali
1276 3281 1364 3363 quod

384 3402 447 3445 non
471 3396 511 3445 srt
533 3394 670 3461 sanctus,
701 3380 755 3444 sed
787 3380 981 3445 excuciendo
1011 3381 1303 3446 consideracionem
1325 3385 1364 3447 de

383 3486 507 3566 talibus,
529 3484 710 3550 adherendo
732 3485 813 3569 parti
837 3486 928 3549 nobis
960 3485 1174 3569 probabiliori,
1209 3490 1365 3553 credendo

384 3611 457 3654 curn
488 3590 674 3655 condicione
708 3590 757 3653 vel
788 3590 839 3673 pie
871 3610 946 3654 cum
978 3590 1146 3656 tormidine
1177 3592 1365 3674 dubitando;

384 3695 422 3758 de
442 3695 599 3781 aliquibus
622 3709 729 3760 autern
751 3694 867 3758 sanctis
887 3695 1043 3760 credimus
1065 3698 1183 3784 absque
1199 3697 1365 3761 formidine
1375 3707 1408 3762 30

385 3799 482 3863 eciam
516 3801 658 3884 explicite
690 3800 778 3886 quod
808 3813 883 3864 sunt
915 3800 1026 3883 sancti,
1066 3815 1102 3866 ut
1132 3803 1172 3866 de
1203 3801 1366 3886 apostolis,

385 3904 561 3968 martiribus
583 3920 614 3969 et
636 3905 752 3968 sanctis
774 3903 934 3988 primitive
950 3905 1091 3988 ecclesie;
1114 3908 1154 3971 de
1169 3905 1237 3969 aliis
1260 3918 1367 3968 autem

428 4103 451 4143 e
466 4089 496 4135 u:
515 4091 614 4137 ornavit
714 4089 736 4137 8.
750 4091 772 4135 Α
793 4091 817 4136 ln
836 4102 915 4147 marga
937 4091 967 4136 de
983 4091 1166 4139 eenonlsacione
1184 4099 1319 4139 sanctorum
1337 4091 1367 4136 eb

385 4161 482 4205 ecclesie
494 4159 599 4206 Romana
612 4161 734 4220 quomodo
749 4167 784 4206 est
796 4160 948 4207 eredendum.
1050 4163 1082 4208 16.
1097 4163 1132 4207 Αι
1146 4170 1209 4221 patet
1222 4163 1294 4209 deest.
1310 4159 1327 4205 u
1342 4160 1367 4206 la

385 4241 463 4286 marga
478 4228 506 4274 V.
521 4229 681 4279 decretalium.
801 4230 870 4290 ι9.Α
889 4231 913 4277 io
931 4242 1010 4288 maras
1035 4229 1069 4277 De
1087 4233 1174 4278 sanetis
1193 4231 1315 4292 quomodo
1334 4239 1369 4291 est

386 4299 537 4345 eredendum.
547 4299 802 4355 (Aborerwssitbout
814 4300 880 4347 merl
891 4299 921 4347 oi
931 4300 1066 4357 reference.)
1132 4302 1163 4349 31.
1174 4301 1205 4347 lla
1218 4302 1281 4361 quod
1295 4301 1369 4346 deest.

433 4439 471 4495 rb.
490 4442 566 4493 Dect.
584 4443 677 4511 Gregr.
695 4443 737 4508 lx,
756 4440 801 4497 lib.
813 4443 846 4508 V,
863 4442 902 4496 tit.
916 4442 1029 4512 XXXlx,
1046 4458 1104 4514 cap.
1121 4443 1190 4497 Xxl.
1208 4445 1230 4496 Α
1249 4441 1333 4495 nobis.
