3262 5226
155 379 217 447 Ι74
704 376 873 429 ronnuurs
890 375 1038 429 wvcur.
1202 352 1355 445 [canvna

157 545 234 592 eona
301 542 357 641 οἱοί
367 529 460 595 cartis
482 530 613 595 dimisso
634 530 752 596 olficio.
789 532 878 596 Talis
905 532 991 607 enim
1017 530 1166 595 securitas
1189 530 1469 604 conlundit152⁴p

175 597 216 644 ὼ
267 607 309 642 ure
367 634 545 717 ecclesiam,
576 655 650 699 eum
684 636 753 699 telis
781 635 960 720 sophisticis
987 656 1083 719 super
1108 634 1357 721 equivocacione

367 758 432 823 que
454 753 501 805 est
523 738 676 824 ypocrisis
700 755 732 804 et
753 739 967 822 mendacium,
990 740 1136 804 diabolus
1158 753 1190 804 et
1213 740 1363 803 membra

368 864 426 907 sua
456 843 651 908 concludunt
682 844 821 908 ecclesie.
854 844 936 923 Quis
968 864 1068 930 queso
1101 864 1167 907 non
1198 843 1358 928 decipitur

368 946 463 1011 hodie
493 947 528 1010 in
561 946 740 1011 adherendo
773 948 854 1032 parti
885 948 1014 1012 ecclesie
1045 947 1294 1032 malignancium
1326 962 1382 1017 ets

368 1052 504 1116 colendo
536 1051 639 1136 ipsam
671 1064 706 1115 ut
738 1052 918 1116 membrum
950 1047 1095 1117 ecclesie?
1118 1051 1388 1135 Quis-insupera

369 1175 435 1219 non
465 1153 581 1239 aspirat
610 1157 651 1219 ad
680 1154 798 1220 fastum
827 1157 924 1220 seculi
947 1158 996 1221 vel
1018 1157 1192 1241 primatum
1215 1157 1266 1220 vel
1293 1155 1358 1240 pri·

368 1259 531 1345 vilegium,
558 1280 633 1324 cum
661 1274 768 1324 tamen
790 1261 830 1326 sit
852 1261 1089 1326 sceleratissima
1111 1261 1301 1345 corruptela,
1324 1260 1356 1323 in

368 1379 495 1430 tantum
512 1365 599 1449 quod
623 1384 698 1448 sepe
722 1365 892 1429 incidimus
914 1365 948 1429 in
970 1365 1049 1428 illud
1071 1387 1110 1430 ve
1131 1364 1357 1450 propheticum

367 1469 461 1533 Ysaie
477 1471 532 1551 V0,
550 1483 606 1533 20:
637 1466 679 1534 Ve
701 1471 759 1553 qui
779 1470 885 1534 dicitis
900 1471 1017 1534 bonum
1041 1472 1164 1534 malurn
1185 1482 1217 1536 et
1231 1470 1355 1534 nralum
1370 1504 1401 1541 ,ο

369 1572 499 1638 bonum.
532 1575 648 1639 Nonne
680 1574 849 1657 diligencia
872 1590 979 1639 nostra
1010 1575 1149 1640 ostendit
1172 1575 1261 1661 quod
1284 1572 1393 1660 plusn'

367 1677 589 1762 appreciamus
604 1692 703 1742 cartas
719 1693 750 1742 et
765 1678 927 1764 privilegia
948 1679 1090 1743 humana
1105 1700 1203 1765 quam
1219 1680 1356 1764 scriptu·

367 1804 436 1846 ram
467 1804 587 1847 sacram
617 1796 648 1847 et
670 1783 831 1868 privilegia
853 1804 916 1869 que
942 1783 1087 1848 Christus
1115 1784 1180 1847 suis
1203 1780 1357 1849 instituit?

367 1890 410 1953 Et
432 1888 562 1953 indubie
584 1905 620 1954 ut
647 1888 691 1953 sic
714 1889 857 1953 cadimus
880 1911 898 1952 a
920 1890 1165 1975 quibuscunque
1188 1889 1270 1953 veris
1294 1889 1355 1973 pri·

367 1991 487 2078 vilegiis
519 2014 575 2078 per
603 1993 751 2072 abusum,
783 1993 858 2078 quia
890 1992 976 2056 iuxta
1007 1994 1135 2056 beatum
1163 1993 1399 2078 Gregorium.5

367 2097 412 2182 (et
435 2097 566 2184 ponitur
588 2099 619 2161 in
644 2098 775 2163 decretis
797 2099 866 2179 Xl²,
888 2120 920 2182 q.
946 2099 997 2162 lll.
1030 2096 1263 2184 Privilcgium)
1281 2101 1355 2183 pri·

366 2206 520 2290 vilegium
548 2205 639 2269 debet
665 2206 814 2269 arraittere
845 2205 902 2287 qni
926 2223 988 2267 sua
1013 2204 1160 2266 abutitur
1182 2212 1354 2286 potestate.

366 2309 454 2373 Cum
476 2330 551 2392 ergo
582 2330 679 2372 omne
702 2309 892 2372 racionabile
914 2309 964 2370 vel
986 2308 1062 2372 utile
1085 2308 1215 2371 ecclesie
1234 2307 1354 2393 Christi

367 2414 455 2499 prius
485 2415 525 2476 ab
559 2413 628 2498 ipso
660 2414 844 2477 conceditur
875 2428 906 2477 et
923 2413 971 2476 'in
1003 2427 1088 2476 carta
1111 2412 1160 2476 vel
1184 2413 1266 2476 libro
1294 2432 1355 2475 suo

366 2518 557 2598 inscribitur,
591 2532 677 2602 patet
709 2520 797 2604 quod
830 2517 980 2582 scrutinio
1007 2517 1093 2579 illius
1116 2516 1184 2579 libri
1218 2532 1249 2581 et
1276 2537 1400 2583 con-20

367 2623 485 2686 dicioni
519 2624 578 2686 sub
609 2644 673 2707 qua
696 2622 903 2709 privilegiavit
934 2622 1087 2685 debemus
1119 2621 1224 2704 primo
1251 2635 1353 2685 atten-

366 2728 450 2795 dere.
489 2728 562 2790 Non
595 2729 681 2791 enim
718 2727 877 2812 sequitur:
909 2728 1010 2791 Datus
1042 2740 1225 2810 potentatus
1257 2727 1353 2788 seculi

367 2833 525 2897 concessit
554 2833 616 2895 hoc
644 2847 678 2896 ut
706 2832 905 2916 privilegium
929 2834 1000 2896 date
1023 2831 1162 2911 ecclesie,
1195 2852 1271 2914 ergo
1294 2830 1356 2894 hoc

368 2953 415 3000 est
446 2937 630 3001 rationabile
667 2937 732 2999 sive
754 2957 876 3000 verum.
918 2937 991 3000 ldeo
1023 2951 1149 3021 oportet
1172 2939 1254 3000 ultra
1279 2957 1356 2999 con·

368 3042 546 3104 cessionem
574 3043 702 3104 scrutari
728 3042 869 3125 regulam
891 3062 1066 3126 perquam
1091 3042 1175 3105 racio
1199 3041 1399 3124 privilegiiss

368 3146 481 3210 debeat
504 3146 644 3210 iudicari.

173 3266 195 3310 Α
210 3276 267 3360 mg
277 3277 303 3308 a·
315 3272 340 3309 ιο
413 3253 503 3333 Esto,
515 3251 656 3334 inquam,
667 3252 754 3333 quod
768 3250 877 3313 Petrus
892 3265 1075 3334 potentatus
1091 3251 1187 3315 seculi
1203 3250 1396 3323 concedam

198 3318 317 3375 '’M‘'
370 3355 572 3439 privilegium
588 3355 873 3418 westmonasterio
897 3358 955 3419 sub
978 3356 1036 3420 hac
1054 3352 1156 3419 lorma
1178 3356 1267 3440 quod
1291 3354 1357 3439 qui·

370 3478 498 3543 cunque
521 3475 805 3544 quantumcunque
821 3458 982 3522 maleficus
1005 3461 1165 3524 intraverit
1187 3474 1277 3543 septa
1300 3479 1356 3521 sua
1402 3486 1406 3491 ·

370 3563 497 3627 habebit
532 3564 767 3628 immunitatem
798 3565 1031 3644 omnimodam,
1062 3566 1105 3628 sic
1136 3580 1242 3628 tamen
1268 3564 1357 3648 quod
1368 3564 1402 3626 30'

370 3667 402 3729 in
426 3669 530 3751 prima
553 3670 757 3732 conclusione
780 3670 811 3731 in
835 3690 897 3753 qua
921 3682 995 3751 post
1017 3668 1183 3731 introitum
1205 3688 1356 3752 aprepo·

410 3883 427 3916 t.
441 3873 463 3917 Α
478 3872 502 3917 ln
513 3883 600 3928 maran
615 3871 751 3917 Conclusio.
857 3886 880 3926 4.
895 3871 1010 3918 ecclesie?
1024 3870 1136 3917 Fortasse
1145 3871 1285 3928 legendnmr
1299 3882 1357 3916 con·

370 3942 472 3988 tundunt
486 3942 618 3988 ecelesiam.
725 3942 747 3988 8.
762 3943 792 3987 lle
816 3940 876 3987 Cum
894 3950 972 3988 tamen
988 3942 1040 3988 scit.
1145 3941 1174 3988 15.
1189 3942 1211 3986 Α
1225 3940 1249 3985 ln
1270 3951 1357 3998 marga

371 4010 507 4057 Conetnslo.
613 4024 649 4057 ro.
673 4024 703 4056 rr.
722 4013 748 4057 la
765 4013 848 4057 cotan
873 4011 1029 4060 condicione.
1135 4023 1167 4057 aa.
1185 4012 1245 4055 Ala
1270 4021 1357 4068 margi

372 4080 405 4124 De
420 4081 549 4138 privilegiis
562 4082 759 4127 monasteriorum
777 4089 799 4126 et
818 4083 977 4127 ecclesiarum.
1003 4083 1092 4137 (aaron
1112 4080 1158 4128 na·
1177 4081 1283 4126 without*
1294 4080 1359 4125 mark

371 4149 399 4194 ol
411 4149 550 4207 relerence.)
654 4162 688 4207 η.
703 4153 726 4195 Α
741 4152 764 4197 in
780 4163 866 4208 marga
881 4150 966 4198 Casus.

420 4291 458 4344 16.
479 4292 541 4343 Dec.
560 4308 612 4345 sec.
633 4308 704 4362 pars,
723 4308 801 4345 causa
820 4294 863 4358 Xl,
884 4311 910 4361 q.
929 4296 971 4360 lll,
988 4311 1015 4348 c.
1034 4297 1120 4349 txttt.
