3262 5226
324 459 445 554 clm·]
670 477 673 481 ·
704 485 751 538 nn
770 483 957 538 necessu.
1015 472 1018 479 ’

212 657 238 710 z
255 655 314 708 132·
325 657 391 700 non
413 637 454 702 sit
477 639 568 703 unico
590 640 739 705 columbe
760 639 888 720 Christi,
916 638 992 724 quie
1017 639 1099 701 bene
1130 652 1178 702 est
1199 637 1261 718 isti,
1283 638 1311 703 si

324 741 365 806 sit
387 743 545 808 nbiectum
566 746 747 809 membrum
769 743 853 807 illius
876 741 1015 807 ecclesie.
1330 820 1333 825 ι

368 845 584 912 Coniormiter
613 848 754 934 arguitur
784 861 895 913 contra
937 866 1163 932 quamcunque
1205 845 1311 929 opini-

324 970 421 1013 onem
444 950 476 1014 in
499 952 557 1016 ista
581 953 720 1030 materia,
743 952 907 1038 querendo
941 950 1074 1033 sollicite
1097 951 1136 1014 de
1159 949 1312 1035 quiditate

299 1053 409 1124 sillius
432 1056 569 1121 ecclesie.
602 1058 685 1121 Nam
712 1055 771 1120 ista
803 1054 933 1120 ecclesia
966 1074 1030 1139 que
1065 1054 1225 1138 complete
1248 1055 1313 1117 viat

325 1178 385 1242 pro
409 1173 552 1243 tempore
574 1147 690 1225 Christi
723 1181 788 1223 non
811 1172 917 1243 potest
938 1178 1006 1222 esse
1035 1156 1097 1220 alia
1128 1179 1225 1243 quam
1253 1158 1313 1223 iste

325 1264 436 1326 endem
460 1264 599 1345 ecclesis,
630 1279 661 1329 et
692 1264 736 1328 sic
767 1265 806 1327 de
839 1263 981 1348 qualibet
1010 1261 1073 1326 alin
1095 1261 1226 1325 ecclesie
1247 1263 1311 1326 sin·

324 1366 437 1453 gulari.
471 1369 517 1432 Ex
539 1390 605 1455 quo
628 1383 714 1453 patet
743 1370 831 1454 quod
861 1367 1013 1446 continue
1036 1381 1083 1431 est
1105 1365 1166 1430 elin
1189 1380 1220 1430 et
1250 1367 1312 1451 ulie

257 1472 466 1552 132·ecclesin,
496 1472 585 1536 vinns
606 1473 627 1519 *
648 1475 688 1537 nd
718 1474 875 1537 alietatem
902 1492 1113 1557 personarum
1136 1471 1312 1556 exquibus

285 1576 545 1661 rocomponitur3
572 1578 746 1643 nonenim
773 1579 856 1642 vnlet
883 1596 997 1661 negare
1024 1575 1237 1660 sillogismum
1259 1597 1313 1640 ex·

325 1680 519 1764 positorium
540 1703 597 1746 nec
620 1682 648 1747 ei
670 1682 818 1764 similem,
849 1681 908 1744 nisi
936 1681 1037 1746 subsit
1068 1680 1163 1765 plant
1186 1680 1312 1744 diversi·

326 1785 397 1849 tntis
421 1785 505 1850 rncio
528 1787 731 1871 exprimenda
753 1801 814 1852 etc.

369 1891 444 1952 ldeo
466 1891 574 1955 dicunt
593 1892 737 1956 doctores
752 1891 920 1976 peticiones
943 1891 1032 1976 quod
1053 1888 1204 1953 dominus
1226 1910 1310 1974 papa
1319 1897 1373 1944 The
1387 1901 1466 1948 better
1479 1903 1537 1961 oru-

327 2015 392 2058 non
424 2010 471 2058 est
506 2011 600 2081 caput
635 1997 819 2061 universalis
853 1997 908 2060 sed
942 1995 1138 2080 particularis
1172 1953 1545 2102 ecclesioffiipiehiiiie'h‘r

288 2101 403 2164 isdum
428 2116 533 2164 tamen
549 2116 780 2185 perseveranter
795 2102 906 2164 vixerit
928 2116 1093 2186 tamquam
1113 2121 1208 2184 pope,
1230 2099 1312 2164 sicut
1362 2059 1415 2103 ω,
1430 2059 1542 2108 cim

326 2205 401 2270 dicit
417 2205 550 2289 septima
564 2206 727 2270 conclusio
742 2205 870 2290 capituli
892 2204 1044 2290 proximi;
1067 2218 1099 2269 et
1121 2203 1165 2268 sic
1187 2202 1313 2268 videtur

326 2311 565 2375 concedendum
587 2311 675 2396 quod
697 2311 736 2373 de
759 2309 900 2394 possibili
923 2309 964 2374 sit
985 2330 1068 2394 pnpn
1083 2309 1155 2393 ipso
1170 2309 1315 2392 superior

327 2413 378 2477 hic
401 2414 434 2476 in
457 2413 554 2478 terris.

370 2519 480 2583 Posito
502 2522 590 2606 quod
613 2540 696 2584 unus
723 2520 803 2583 alius
825 2517 998 2604 perleccius
1030 2519 1144 2581 docent
1175 2532 1206 2582 et
1226 2533 1314 2604 regat

285 2649 317 2685 ιο
327 2626 451 2710 plurem
475 2628 632 2711 populum
647 2625 852 2690 conformiter
875 2623 934 2707 legi
956 2622 1085 2704 Christi,
1107 2622 1189 2687 sicut
1209 2636 1315 2707 potest

328 2751 394 2794 esse
425 2732 465 2794 de
497 2751 627 2796 summo
665 2732 826 2794 sacerdote
863 2727 992 2793 ecclesie
1023 2727 1152 2807 Asiane,
1190 2727 1316 2792 videtur

327 2850 433 2899 tamen
457 2835 535 2899 mihi
557 2837 646 2922 quod
669 2856 735 2899 non
758 2835 911 2898 debemus
933 2834 1124 2897 contendere
1140 2832 1221 2896 circe
1234 2832 1314 2896 illud

328 2941 367 3003 de
392 2941 504 3020 inesse,
535 2942 623 3026 quod
646 2940 704 3002 iste
725 2939 908 3023 quicunque
936 2957 1126 3001 conversans
1146 2936 1312 3000 nobiscum
1362 2959 1499 3010 unnim

327 3044 367 3108 sit
389 3045 470 3126 talis,
500 3045 554 3107 sed
585 3061 764 3127 supponere
792 3041 1013 3134 excellenciam
1036 3041 1174 3105 Romani
1205 3040 1312 3126 ponti·

286 3146 395 3211 ssficis
419 3169 513 3233 super
535 3147 603 3211 nliis
626 3145 725 3209 eciam
754 3146 860 3230 quoad
883 3147 1000 3225 Deum,
1022 3145 1097 3230 quia
1121 3159 1244 3210 certum
1266 3158 1314 3211 est

328 3254 416 3337 quod
432 3273 498 3316 non
513 3265 560 3315 est
574 3249 718 3334 superior
733 3249 792 3312 nisi
809 3249 901 3313 luerit
916 3248 1062 3334 superior
1078 3250 1187 3334 quoad
1196 3250 1312 3315 Deum.

294 3362 318 3416 t*
371 3358 417 3420 Ex
453 3355 568 3442 quibus
603 3356 726 3419 videtur
761 3355 839 3419 mihi
875 3356 962 3441 quod
1000 3354 1107 3418 nullus
1148 3341 1314 3420 Romanus
1323 3377 1362 3425 tto
1377 3382 1541 3438 popeoouu

327 3461 469 3543 pontifex
496 3460 546 3524 cui
570 3481 635 3524 non
658 3459 697 3523 sit
719 3459 798 3523 lnctn
821 3459 965 3543 specialis
990 3459 1143 3522 revelacio
1166 3474 1315 3524 assereret
1323 3435 1466 3539 'isichii'i
1478 3437 1542 3534 isich

327 3564 376 3627 vel
410 3565 593 3649 opinaretur
619 3565 707 3649 quod
738 3565 865 3627 subesse
899 3563 958 3627 sibi
989 3562 1030 3628 sit
1060 3564 1099 3626 de
1130 3562 1314 3627 necessitate
1323 3536 1344 3580 ¹*
1352 3537 1542 3647 'hildim'

305 3669 436 3736 tsnlutis
459 3668 625 3732 cuiuslibet
646 3667 815 3733 christiani.
846 3669 930 3731 Num
952 3663 1003 3754 (ut
1035 3665 1132 3751 logici
1162 3664 1315 3755 arguunt)

329 3773 420 3837 multi
436 3787 509 3837 sunt
524 3772 680 3836 christiani
705 3792 763 3857 pro
783 3793 843 3836 suo
864 3786 1009 3856 tempore
1024 3770 1079 3856 qui
1095 3791 1163 3835 non
1179 3772 1315 3837 subsunt

329 3875 397 3957 sibi,
424 3876 506 3942 sicut
533 3897 590 3942 nec
613 3876 749 3961 ipsemet
770 3875 826 3960 qui
848 3889 896 3939 est
917 3874 1087 3960 precipuus
1118 3874 1315 3941 christianus.

372 4031 440 4082 cll:
455 4029 575 4085 querendo
588 4027 718 4088 querendo.
780 4025 991 4102 133ltsslnrnnrgz
1006 4024 1175 4073 Conclusionls
1184 4028 1316 4085 responsio.

329 4099 351 4140 Α
365 4097 388 4143 in
403 4110 482 4155 marg:
500 4097 560 4145 Nota
575 4100 604 4144 de
618 4100 716 4143 subesse
729 4109 790 4154 prpe
803 4105 828 4142 nr
842 4096 927 4142 dicitur
940 4097 970 4142 de
985 4097 1123 4143 necesslrnre
1136 4097 1218 4144 soloris
1231 4099 1317 4153 (above

330 4165 373 4210 col.
388 4167 436 4213 132·
450 4169 547 4214 without
560 4169 625 4215 msrlr
639 4169 666 4214 ol
677 4169 810 4222 reference).
929 4166 962 4212 16.
976 4165 994 4210 B
1007 4166 1102 4222 espitnli
1117 4167 1171 4214 xx!
1190 4170 1242 4225 (pro
1250 4163 1316 4224 sm).

331 4245 364 4278 υ.
377 4238 400 4280 Α
413 4237 437 4282 ln
451 4250 529 4294 marga
543 4237 603 4284 Noto
617 4239 685 4283 bene.
783 4247 818 4281 υ.
832 4234 862 4281 ns
877 4236 939 4282 clres
954 4237 1025 4281 idem.
1112 4247 1146 4290 ²7·
1161 4238 1183 4282 Α
1195 4237 1220 4283 ln
1236 4248 1315 4292 mm

332 4302 374 4357 lla,
389 4305 418 4350 hs
442 4308 463 4351 Α
474 4308 491 4351 Β
504 4308 527 4353 in
543 4320 621 4364 marg:
634 4304 769 4353 Concluslo.

377 4412 416 4464 tss.
435 4415 485 4465 See
502 4430 562 4482 ρας.
583 4431 622 4484 ¹9·
640 4383 667 4466 l..
680 4414 719 4467 18.
794 4450 797 4455 -
