<?xml version="1.0" encoding="UTF-8"?>
<!DOCTYPE html PUBLIC "-//W3C//DTD XHTML 1.0 Transitional//EN"
    "http://www.w3.org/TR/xhtml1/DTD/xhtml1-transitional.dtd">
<html xmlns="http://www.w3.org/1999/xhtml" xml:lang="en" lang="en">
 <head>
  <title>
</title>
<meta http-equiv="Content-Type" content="text/html;charset=utf-8" />
  <meta name='ocr-system' content='tesseract 3.04.00' />
  <meta name='ocr-capabilities' content='ocr_page ocr_carea ocr_par ocr_line ocrx_word'/>
</head>
<body>
  <div class='ocr_page' id='page_1' title='image "./iohanniswyclift00mattgoog_0558.png"; bbox 0 0 3262 5226; ppageno 0'>
   <div class='ocr_carea' id='block_1_1' title="bbox 491 623 1148 717">
    <p class='ocr_par' dir='ltr' id='par_1_1' title="bbox 491 623 1148 717">
     <span class='ocr_line' id='line_1_1' title="bbox 491 623 1148 717; baseline -0.006 -14"><span class='ocrx_word' id='word_1_1' title='bbox 491 647 661 704; x_wconf 76' lang='lat' dir='ltr'>sontuns</span> <span class='ocrx_word' id='word_1_2' title='bbox 679 645 826 700; x_wconf 76' lang='lat' dir='ltr'>wrcen.</span> <span class='ocrx_word' id='word_1_3' title='bbox 980 623 1061 717; x_wconf 72' lang='lat' dir='ltr'>[cna.</span> <span class='ocrx_word' id='word_1_4' title='bbox 1076 641 1148 688; x_wconf 72' lang='lat' dir='ltr'>xxo</span> 
     </span>
    </p>
   </div>
   <div class='ocr_carea' id='block_1_2' title="bbox 119 801 1262 4127">
    <p class='ocr_par' dir='ltr' id='par_1_2' title="bbox 119 801 1262 4127">
     <span class='ocr_line' id='line_1_2' title="bbox 170 801 1262 892; baseline -0.003 -19"><span class='ocrx_word' id='word_1_5' title='bbox 170 823 281 873; x_wconf 88' lang='lat' dir='ltr'>contra</span> <span class='ocrx_word' id='word_1_6' title='bbox 305 808 388 892; x_wconf 91' lang='lat' dir='ltr'>illos,</span> <span class='ocrx_word' id='word_1_7' title='bbox 411 823 443 872; x_wconf 91' lang='lat' dir='ltr'>et</span> <span class='ocrx_word' id='word_1_8' title='bbox 466 827 539 871; x_wconf 83' lang='lat' dir='ltr'>cunt</span> <span class='ocrx_word' id='word_1_9' title='bbox 563 807 616 870; x_wconf 93' lang='lat' dir='ltr'>ille</span> <span class='ocrx_word' id='word_1_10' title='bbox 638 802 695 889; x_wconf 92' lang='lat' dir='ltr'>qui</span> <span class='ocrx_word' id='word_1_11' title='bbox 718 801 841 868; x_wconf 89' lang='lat' dir='ltr'>habitat</span> <span class='ocrx_word' id='word_1_12' title='bbox 864 803 894 866; x_wconf 94' lang='lat' dir='ltr'>in</span> <span class='ocrx_word' id='word_1_13' title='bbox 911 803 986 866; x_wconf 90' lang='lat' dir='ltr'>celis</span> <span class='ocrx_word' id='word_1_14' title='bbox 1002 803 1146 867; x_wconf 86' lang='lat' dir='ltr'>irridebit</span> <span class='ocrx_word' id='word_1_15' title='bbox 1160 814 1220 888; x_wconf 82' lang='lat'>¹99¹</span> <span class='ocrx_word' id='word_1_16' title='bbox 1234 817 1262 870; x_wconf 83' lang='grc' dir='ltr'>Β</span> 
     </span>
     <span class='ocr_line' id='line_1_3' title="bbox 168 906 1148 996; baseline -0.008 -17"><span class='ocrx_word' id='word_1_17' title='bbox 168 934 223 979; x_wconf 95' lang='lat' dir='ltr'>eos</span> <span class='ocrx_word' id='word_1_18' title='bbox 252 933 377 996; x_wconf 90' lang='lat' dir='ltr'>omnes,</span> <span class='ocrx_word' id='word_1_19' title='bbox 408 912 457 976; x_wconf 86' lang='lat' dir='ltr'>sui</span> <span class='ocrx_word' id='word_1_20' title='bbox 486 911 605 976; x_wconf 91' lang='lat' dir='ltr'>debent</span> <span class='ocrx_word' id='word_1_21' title='bbox 632 906 789 990; x_wconf 83' lang='lat' dir='ltr'>irrisione,</span> <span class='ocrx_word' id='word_1_22' title='bbox 823 906 1069 990; x_wconf 76' lang='lat' dir='ltr'>exprobratione</span> <span class='ocrx_word' id='word_1_23' title='bbox 1098 908 1148 972; x_wconf 89' lang='lat' dir='ltr'>vel</span> 
     </span>
     <span class='ocr_line' id='line_1_4' title="bbox 171 1010 1144 1098; baseline -0.005 -17"><span class='ocrx_word' id='word_1_24' title='bbox 171 1017 309 1098; x_wconf 79' lang='lat' dir='ltr'>racione,</span> <span class='ocrx_word' id='word_1_25' title='bbox 331 1030 369 1081; x_wconf 90' lang='lat' dir='ltr'>ut</span> <span class='ocrx_word' id='word_1_26' title='bbox 384 1017 471 1081; x_wconf 89' lang='lat' dir='ltr'>Deus</span> <span class='ocrx_word' id='word_1_27' title='bbox 494 1013 663 1079; x_wconf 81' lang='lat' dir='ltr'>donaverit</span> <span class='ocrx_word' id='word_1_28' title='bbox 685 1010 912 1076; x_wconf 86' lang='lat' dir='ltr'>conlundere&#39;</span> <span class='ocrx_word' id='word_1_29' title='bbox 904 1024 997 1076; x_wconf 77' lang='lat' dir='ltr'>istam</span> <span class='ocrx_word' id='word_1_30' title='bbox 1015 1013 1144 1076; x_wconf 86' lang='lat' dir='ltr'>scolam.</span> 
     </span>
     <span class='ocr_line' id='line_1_5' title="bbox 119 1115 1149 1236; baseline -0.006 -48.687"><span class='ocrx_word' id='word_1_31' title='bbox 119 1122 222 1236; x_wconf 47' lang='lat' dir='ltr'>rusie</span> <span class='ocrx_word' id='word_1_32' title='bbox 245 1121 333 1185; x_wconf 92' lang='lat' dir='ltr'>enim</span> <span class='ocrx_word' id='word_1_33' title='bbox 366 1120 483 1203; x_wconf 77' lang='lat' dir='ltr'>legitur</span> <span class='ocrx_word' id='word_1_34' title='bbox 513 1119 571 1182; x_wconf 79' lang='lat'>111⁰</span> <span class='ocrx_word' id='word_1_35' title='bbox 603 1119 731 1218; x_wconf 80' lang='lat' dir='ltr'>Regum</span> <span class='ocrx_word' id='word_1_36' title='bbox 760 1115 878 1181; x_wconf 84' lang='lat' dir='ltr'>XVlll⁰</span> <span class='ocrx_word' id='word_1_37' title='bbox 914 1117 1002 1201; x_wconf 93' lang='lat' dir='ltr'>quod</span> <span class='ocrx_word' id='word_1_38' title='bbox 1041 1117 1149 1185; x_wconf 89' lang='lat' dir='ltr'>Helias</span> 
     </span>
     <span class='ocr_line' id='line_1_6' title="bbox 119 1188 1173 1308; baseline -0.002 -19.9"><span class='ocrx_word' id='word_1_39' title='bbox 119 1188 265 1288; x_wconf 62' lang='lat' dir='ltr'>⁰¹canus</span> <span class='ocrx_word' id='word_1_40' title='bbox 311 1223 408 1288; x_wconf 78' lang='lat' dir='ltr'>irrisit</span> <span class='ocrx_word' id='word_1_41' title='bbox 449 1223 702 1308; x_wconf 78' lang='lat' dir='ltr'>quadringentos</span> <span class='ocrx_word' id='word_1_42' title='bbox 747 1221 928 1286; x_wconf 79' lang='lat' dir='ltr'>sacerdotes</span> <span class='ocrx_word' id='word_1_43' title='bbox 970 1221 1046 1284; x_wconf 82' lang='lat' dir='ltr'>ssaal</span> <span class='ocrx_word' id='word_1_44' title='bbox 1092 1222 1173 1306; x_wconf 76' lang='lat' dir='ltr'>quis</span> 
     </span>
     <span class='ocr_line' id='line_1_7' title="bbox 168 1324 1148 1413; baseline -0.004 -20"><span class='ocrx_word' id='word_1_45' title='bbox 168 1330 365 1394; x_wconf 85' lang='lat' dir='ltr'>seduxerunt</span> <span class='ocrx_word' id='word_1_46' title='bbox 393 1327 550 1413; x_wconf 89' lang='lat' dir='ltr'>populum</span> <span class='ocrx_word' id='word_1_47' title='bbox 577 1326 644 1391; x_wconf 89' lang='lat' dir='ltr'>suis</span> <span class='ocrx_word' id='word_1_48' title='bbox 672 1324 862 1408; x_wconf 88' lang='lat' dir='ltr'>mendaciis;</span> <span class='ocrx_word' id='word_1_49' title='bbox 892 1346 965 1389; x_wconf 87' lang='lat' dir='ltr'>nam</span> <span class='ocrx_word' id='word_1_50' title='bbox 996 1324 1056 1390; x_wconf 91' lang='lat' dir='ltr'>illis</span> <span class='ocrx_word' id='word_1_51' title='bbox 1092 1347 1148 1409; x_wconf 91' lang='lat' dir='ltr'>pa·</span> 
     </span>
     <span class='ocr_line' id='line_1_8' title="bbox 171 1424 1149 1516; baseline -0.003 -19"><span class='ocrx_word' id='word_1_52' title='bbox 171 1432 364 1497; x_wconf 71' lang='lat' dir='ltr'>circensibus</span> <span class='ocrx_word' id='word_1_53' title='bbox 392 1451 466 1495; x_wconf 92' lang='lat' dir='ltr'>cum</span> <span class='ocrx_word' id='word_1_54' title='bbox 494 1424 652 1496; x_wconf 87' lang='lat' dir='ltr'>consensu</span> <span class='ocrx_word' id='word_1_55' title='bbox 686 1431 797 1516; x_wconf 91' lang='lat' dir='ltr'>populi</span> <span class='ocrx_word' id='word_1_56' title='bbox 824 1431 910 1514; x_wconf 92' lang='lat' dir='ltr'>quod</span> <span class='ocrx_word' id='word_1_57' title='bbox 934 1429 1089 1494; x_wconf 88' lang='lat' dir='ltr'>credatur.</span> <span class='ocrx_word' id='word_1_58' title='bbox 1105 1431 1149 1494; x_wconf 91' lang='lat' dir='ltr'>illi</span> 
     </span>
     <span class='ocr_line' id='line_1_9' title="bbox 169 1534 1149 1621; baseline -0.003 -20"><span class='ocrx_word' id='word_1_59' title='bbox 169 1538 237 1601; x_wconf 89' lang='lat' dir='ltr'>Deo</span> <span class='ocrx_word' id='word_1_60' title='bbox 264 1536 321 1621; x_wconf 92' lang='lat' dir='ltr'>qui</span> <span class='ocrx_word' id='word_1_61' title='bbox 350 1534 459 1601; x_wconf 88' lang='lat' dir='ltr'>lecerit</span> <span class='ocrx_word' id='word_1_62' title='bbox 485 1535 593 1620; x_wconf 78' lang='lat' dir='ltr'>ignem</span> <span class='ocrx_word' id='word_1_63' title='bbox 620 1534 811 1599; x_wconf 84' lang='lat' dir='ltr'>descendere</span> <span class='ocrx_word' id='word_1_64' title='bbox 832 1554 927 1617; x_wconf 91' lang='lat' dir='ltr'>super</span> <span class='ocrx_word' id='word_1_65' title='bbox 949 1535 1067 1598; x_wconf 80' lang='lat' dir='ltr'>bovem</span> <span class='ocrx_word' id='word_1_66' title='bbox 1104 1535 1149 1598; x_wconf 93' lang='lat' dir='ltr'>di·</span> 
     </span>
     <span class='ocr_line' id='line_1_10' title="bbox 169 1639 1148 1723; baseline 0 -21"><span class='ocrx_word' id='word_1_67' title='bbox 169 1642 288 1708; x_wconf 86' lang='lat' dir='ltr'>vinitus</span> <span class='ocrx_word' id='word_1_68' title='bbox 315 1641 583 1723; x_wconf 88' lang='lat' dir='ltr'>comburendum,</span> <span class='ocrx_word' id='word_1_69' title='bbox 612 1655 644 1704; x_wconf 92' lang='lat' dir='ltr'>et</span> <span class='ocrx_word' id='word_1_70' title='bbox 673 1658 746 1702; x_wconf 86' lang='lat' dir='ltr'>cum</span> <span class='ocrx_word' id='word_1_71' title='bbox 768 1639 923 1723; x_wconf 81' lang='lat' dir='ltr'>prophete</span> <span class='ocrx_word' id='word_1_72' title='bbox 950 1639 1026 1703; x_wconf 88' lang='lat' dir='ltr'>Baal</span> <span class='ocrx_word' id='word_1_73' title='bbox 1058 1640 1148 1702; x_wconf 88' lang='lat' dir='ltr'>invo-</span> 
     </span>
     <span class='ocr_line' id='line_1_11' title="bbox 170 1743 1192 1835; baseline -0.002 -25"><span class='ocrx_word' id='word_1_74' title='bbox 170 1760 294 1811; x_wconf 86' lang='lat' dir='ltr'>cassent</span> <span class='ocrx_word' id='word_1_75' title='bbox 317 1767 436 1811; x_wconf 89' lang='lat' dir='ltr'>nomen</span> <span class='ocrx_word' id='word_1_76' title='bbox 451 1746 528 1812; x_wconf 89' lang='lat' dir='ltr'>Baal</span> <span class='ocrx_word' id='word_1_77' title='bbox 549 1746 590 1808; x_wconf 93' lang='lat' dir='ltr'>de</span> <span class='ocrx_word' id='word_1_78' title='bbox 613 1764 707 1807; x_wconf 88' lang='lat' dir='ltr'>manc</span> <span class='ocrx_word' id='word_1_79' title='bbox 730 1743 892 1828; x_wconf 90' lang='lat' dir='ltr'>usquead</span> <span class='ocrx_word' id='word_1_80' title='bbox 916 1743 1092 1835; x_wconf 81' lang='lat' dir='ltr'>meridiem,</span> <span class='ocrx_word' id='word_1_81' title='bbox 1116 1758 1148 1807; x_wconf 92' lang='lat' dir='ltr'>et</span> <span class='ocrx_word' id='word_1_82' title='bbox 1161 1771 1192 1808; x_wconf 88' lang='lat' dir='ltr'>to</span> 
     </span>
     <span class='ocr_line' id='line_1_12' title="bbox 170 1848 1149 1935; baseline -0.005 -20"><span class='ocrx_word' id='word_1_83' title='bbox 170 1872 233 1915; x_wconf 94' lang='lat' dir='ltr'>non</span> <span class='ocrx_word' id='word_1_84' title='bbox 249 1865 317 1915; x_wconf 89' lang='lat' dir='ltr'>erat</span> <span class='ocrx_word' id='word_1_85' title='bbox 332 1870 395 1915; x_wconf 83' lang='lat' dir='ltr'>vox</span> <span class='ocrx_word' id='word_1_86' title='bbox 416 1871 480 1935; x_wconf 92' lang='lat' dir='ltr'>que</span> <span class='ocrx_word' id='word_1_87' title='bbox 502 1852 548 1914; x_wconf 89' lang='lat' dir='ltr'>eis</span> <span class='ocrx_word' id='word_1_88' title='bbox 569 1849 787 1933; x_wconf 88' lang='lat' dir='ltr'>responderet,</span> <span class='ocrx_word' id='word_1_89' title='bbox 803 1863 875 1931; x_wconf 93' lang='lat' dir='ltr'>post</span> <span class='ocrx_word' id='word_1_90' title='bbox 897 1848 1062 1913; x_wconf 87' lang='lat' dir='ltr'>meridiem</span> <span class='ocrx_word' id='word_1_91' title='bbox 1079 1848 1149 1911; x_wconf 94' lang='lat' dir='ltr'>illu·</span> 
     </span>
     <span class='ocr_line' id='line_1_13' title="bbox 171 1953 1150 2018; baseline -0.002 -1"><span class='ocrx_word' id='word_1_92' title='bbox 171 1955 265 2018; x_wconf 91' lang='lat' dir='ltr'>debat</span> <span class='ocrx_word' id='word_1_93' title='bbox 276 1955 321 2018; x_wconf 90' lang='lat' dir='ltr'>eis</span> <span class='ocrx_word' id='word_1_94' title='bbox 332 1955 440 2018; x_wconf 89' lang='lat' dir='ltr'>Helias</span> <span class='ocrx_word' id='word_1_95' title='bbox 450 1955 572 2018; x_wconf 91' lang='lat' dir='ltr'>dicens:</span> <span class='ocrx_word' id='word_1_96' title='bbox 587 1953 813 2018; x_wconf 79' lang='lat' dir='ltr'>Clamnteroce</span> <span class='ocrx_word' id='word_1_97' title='bbox 828 1953 942 2016; x_wconf 85' lang='lat' dir='ltr'>maiori</span> <span class='ocrx_word' id='word_1_98' title='bbox 946 1953 1057 2017; x_wconf 83' lang='lat' dir='ltr'>:Deus</span> <span class='ocrx_word' id='word_1_99' title='bbox 1067 1954 1150 2016; x_wconf 87' lang='lat' dir='ltr'>euim</span> 
     </span>
     <span class='ocr_line' id='line_1_14' title="bbox 169 2057 1151 2144; baseline -0.002 -20"><span class='ocrx_word' id='word_1_100' title='bbox 169 2069 272 2124; x_wconf 84' lang='lat' dir='ltr'>vester</span> <span class='ocrx_word' id='word_1_101' title='bbox 293 2068 343 2124; x_wconf 87' lang='lat' dir='ltr'>est</span> <span class='ocrx_word' id='word_1_102' title='bbox 364 2071 394 2124; x_wconf 87' lang='lat' dir='ltr'>et</span> <span class='ocrx_word' id='word_1_103' title='bbox 403 2059 554 2144; x_wconf 81' lang='lat' dir='ltr'>forsitan</span> <span class='ocrx_word' id='word_1_104' title='bbox 576 2078 648 2122; x_wconf 88' lang='lat' dir='ltr'>curn</span> <span class='ocrx_word' id='word_1_105' title='bbox 672 2057 737 2121; x_wconf 88' lang='lat' dir='ltr'>alio</span> <span class='ocrx_word' id='word_1_106' title='bbox 760 2057 909 2141; x_wconf 82' lang='lat' dir='ltr'>loquitur,</span> <span class='ocrx_word' id='word_1_107' title='bbox 922 2067 982 2120; x_wconf 86' lang='lat' dir='ltr'>aut</span> <span class='ocrx_word' id='word_1_108' title='bbox 1003 2058 1035 2120; x_wconf 87' lang='lat' dir='ltr'>in</span> <span class='ocrx_word' id='word_1_109' title='bbox 1050 2057 1151 2122; x_wconf 84' lang='lat' dir='ltr'>direr-</span> 
     </span>
     <span class='ocr_line' id='line_1_15' title="bbox 169 2161 1150 2244; baseline -0.003 -16"><span class='ocrx_word' id='word_1_110' title='bbox 169 2165 255 2228; x_wconf 86' lang='lat' dir='ltr'>sorio</span> <span class='ocrx_word' id='word_1_111' title='bbox 276 2175 335 2243; x_wconf 86' lang='lat' dir='ltr'>est,</span> <span class='ocrx_word' id='word_1_112' title='bbox 356 2174 415 2227; x_wconf 86' lang='lat' dir='ltr'>aut</span> <span class='ocrx_word' id='word_1_113' title='bbox 428 2165 461 2227; x_wconf 88' lang='lat' dir='ltr'>in</span> <span class='ocrx_word' id='word_1_114' title='bbox 476 2164 599 2244; x_wconf 88' lang='lat' dir='ltr'>itinere,</span> <span class='ocrx_word' id='word_1_115' title='bbox 614 2174 673 2227; x_wconf 85' lang='lat' dir='ltr'>aut</span> <span class='ocrx_word' id='word_1_116' title='bbox 693 2173 778 2227; x_wconf 91' lang='lat' dir='ltr'>certe</span> <span class='ocrx_word' id='word_1_117' title='bbox 791 2161 919 2241; x_wconf 78' lang='lat' dir='ltr'>dormit,</span> <span class='ocrx_word' id='word_1_118' title='bbox 935 2173 971 2225; x_wconf 86' lang='lat' dir='ltr'>ut</span> <span class='ocrx_word' id='word_1_119' title='bbox 984 2163 1150 2228; x_wconf 79' lang='lat' dir='ltr'>excitetur.</span> 
     </span>
     <span class='ocr_line' id='line_1_16' title="bbox 119 2237 1193 2352; baseline -0.002 -19"><span class='ocrx_word' id='word_1_120' title='bbox 119 2276 163 2333; x_wconf 72' lang='lat' dir='ltr'>lah</span> <span class='ocrx_word' id='word_1_121' title='bbox 216 2270 256 2334; x_wconf 85' lang='lat' dir='ltr'>Et</span> <span class='ocrx_word' id='word_1_122' title='bbox 291 2270 578 2348; x_wconf 88' lang='lat' dir='ltr'>correspondenter</span> <span class='ocrx_word' id='word_1_123' title='bbox 609 2284 715 2352; x_wconf 89' lang='lat' dir='ltr'>potest</span> <span class='ocrx_word' id='word_1_124' title='bbox 745 2268 827 2332; x_wconf 90' lang='lat' dir='ltr'>dici</span> <span class='ocrx_word' id='word_1_125' title='bbox 839 2237 960 2332; x_wconf 85' lang='lat' dir='ltr'>doctori</span> <span class='ocrx_word' id='word_1_126' title='bbox 994 2269 1193 2332; x_wconf 73' lang='lat' dir='ltr'>nrendaciirs</span> 
     </span>
     <span class='ocr_line' id='line_1_17' title="bbox 119 2340 1151 2457; baseline 0.001 -20.002"><span class='ocrx_word' id='word_1_127' title='bbox 119 2340 245 2437; x_wconf 47' lang='lat' dir='ltr'>gutum</span> <span class='ocrx_word' id='word_1_128' title='bbox 270 2374 421 2437; x_wconf 89' lang='lat' dir='ltr'>omnibus</span> <span class='ocrx_word' id='word_1_129' title='bbox 444 2373 510 2437; x_wconf 90' lang='lat' dir='ltr'>suis</span> <span class='ocrx_word' id='word_1_130' title='bbox 522 2373 745 2456; x_wconf 89' lang='lat' dir='ltr'>complicibus</span> <span class='ocrx_word' id='word_1_131' title='bbox 768 2374 854 2457; x_wconf 90' lang='lat' dir='ltr'>quod</span> <span class='ocrx_word' id='word_1_132' title='bbox 878 2387 1036 2437; x_wconf 88' lang='lat' dir='ltr'>scrutetur</span> <span class='ocrx_word' id='word_1_133' title='bbox 1065 2374 1151 2439; x_wconf 89' lang='lat' dir='ltr'>testi·</span> 
     </span>
     <span class='ocr_line' id='line_1_18' title="bbox 121 2477 1152 2562; baseline 0.004 -22"><span class='ocrx_word' id='word_1_134' title='bbox 119 2478 279 2548; x_wconf 66' lang='lat' dir='ltr'>tremonia</span> <span class='ocrx_word' id='word_1_135' title='bbox 306 2479 452 2542; x_wconf 86' lang='lat' dir='ltr'>omnium</span> <span class='ocrx_word' id='word_1_136' title='bbox 479 2477 725 2562; x_wconf 87' lang='lat' dir='ltr'>scripturarum,</span> <span class='ocrx_word' id='word_1_137' title='bbox 756 2492 792 2541; x_wconf 93' lang='lat' dir='ltr'>ut</span> <span class='ocrx_word' id='word_1_138' title='bbox 823 2477 930 2541; x_wconf 86' lang='lat' dir='ltr'>lumen</span> <span class='ocrx_word' id='word_1_139' title='bbox 958 2477 1093 2542; x_wconf 89' lang='lat' dir='ltr'>sciencie</span> <span class='ocrx_word' id='word_1_140' title='bbox 1121 2496 1152 2545; x_wconf 91' lang='lat' dir='ltr'>et</span> 
     </span>
     <span class='ocr_line' id='line_1_19' title="bbox 119 2549 1154 2664; baseline 0.002 -19.11"><span class='ocrx_word' id='word_1_141' title='bbox 119 2549 278 2647; x_wconf 51' lang='lat' dir='ltr'>”fervor</span> <span class='ocrx_word' id='word_1_142' title='bbox 305 2582 444 2648; x_wconf 90' lang='lat' dir='ltr'>caritatis</span> <span class='ocrx_word' id='word_1_143' title='bbox 478 2583 649 2646; x_wconf 76' lang='lat' dir='ltr'>descendat</span> <span class='ocrx_word' id='word_1_144' title='bbox 689 2594 724 2645; x_wconf 88' lang='lat' dir='ltr'>ut</span> <span class='ocrx_word' id='word_1_145' title='bbox 761 2581 843 2664; x_wconf 79' lang='lat' dir='ltr'>ignis</span> <span class='ocrx_word' id='word_1_146' title='bbox 873 2583 911 2645; x_wconf 93' lang='lat' dir='ltr'>ad</span> <span class='ocrx_word' id='word_1_147' title='bbox 950 2582 1044 2646; x_wconf 90' lang='lat' dir='ltr'>istam</span> <span class='ocrx_word' id='word_1_148' title='bbox 1084 2605 1154 2647; x_wconf 89' lang='lat' dir='ltr'>scn-</span> 
     </span>
     <span class='ocr_line' id='line_1_20' title="bbox 173 2687 1153 2773; baseline -0.001 -21"><span class='ocrx_word' id='word_1_149' title='bbox 173 2688 310 2752; x_wconf 91' lang='lat' dir='ltr'>tenciam</span> <span class='ocrx_word' id='word_1_150' title='bbox 333 2687 490 2751; x_wconf 87' lang='lat' dir='ltr'>mendacii</span> <span class='ocrx_word' id='word_1_151' title='bbox 518 2688 751 2768; x_wconf 86' lang='lat' dir='ltr'>illustrandam,</span> <span class='ocrx_word' id='word_1_152' title='bbox 781 2700 813 2750; x_wconf 93' lang='lat' dir='ltr'>et</span> <span class='ocrx_word' id='word_1_153' title='bbox 835 2701 940 2751; x_wconf 89' lang='lat' dir='ltr'>certus</span> <span class='ocrx_word' id='word_1_154' title='bbox 968 2707 1040 2751; x_wconf 89' lang='lat' dir='ltr'>sum</span> <span class='ocrx_word' id='word_1_155' title='bbox 1064 2689 1153 2773; x_wconf 93' lang='lat' dir='ltr'>quod</span> 
     </span>
     <span class='ocr_line' id='line_1_21' title="bbox 173 2791 1197 2876; baseline -0.001 -21"><span class='ocrx_word' id='word_1_156' title='bbox 173 2791 245 2856; x_wconf 91' lang='lat' dir='ltr'>licet</span> <span class='ocrx_word' id='word_1_157' title='bbox 272 2791 415 2856; x_wconf 89' lang='lat' dir='ltr'>incidant</span> <span class='ocrx_word' id='word_1_158' title='bbox 443 2812 478 2854; x_wconf 91' lang='lat' dir='ltr'>se</span> <span class='ocrx_word' id='word_1_159' title='bbox 501 2791 609 2856; x_wconf 90' lang='lat' dir='ltr'>cultris</span> <span class='ocrx_word' id='word_1_160' title='bbox 633 2806 664 2855; x_wconf 92' lang='lat' dir='ltr'>et</span> <span class='ocrx_word' id='word_1_161' title='bbox 693 2791 843 2856; x_wconf 90' lang='lat' dir='ltr'>lanceolis</span> <span class='ocrx_word' id='word_1_162' title='bbox 864 2806 1153 2876; x_wconf 88' lang='lat' dir='ltr'>quantumcunque</span> <span class='ocrx_word' id='word_1_163' title='bbox 1164 2818 1197 2854; x_wconf 82' lang='lat' dir='ltr'>ao</span> 
     </span>
     <span class='ocr_line' id='line_1_22' title="bbox 173 2895 1154 2980; baseline 0.003 -22"><span class='ocrx_word' id='word_1_164' title='bbox 173 2916 268 2979; x_wconf 89' lang='lat' dir='ltr'>super</span> <span class='ocrx_word' id='word_1_165' title='bbox 290 2909 395 2960; x_wconf 92' lang='lat' dir='ltr'>cotem</span> <span class='ocrx_word' id='word_1_166' title='bbox 419 2895 532 2978; x_wconf 89' lang='lat' dir='ltr'>acutis,</span> <span class='ocrx_word' id='word_1_167' title='bbox 554 2896 658 2958; x_wconf 92' lang='lat' dir='ltr'>donec</span> <span class='ocrx_word' id='word_1_168' title='bbox 680 2895 914 2978; x_wconf 87' lang='lat' dir='ltr'>perfundantur</span> <span class='ocrx_word' id='word_1_169' title='bbox 928 2896 1093 2980; x_wconf 81' lang='lat' dir='ltr'>sanguine,</span> <span class='ocrx_word' id='word_1_170' title='bbox 1118 2911 1154 2962; x_wconf 97' lang='lat' dir='ltr'>ut</span> 
     </span>
     <span class='ocr_line' id='line_1_23' title="bbox 173 2999 1153 3080; baseline 0.002 -18"><span class='ocrx_word' id='word_1_171' title='bbox 173 2999 217 3063; x_wconf 91' lang='lat' dir='ltr'>ibi</span> <span class='ocrx_word' id='word_1_172' title='bbox 240 3000 358 3064; x_wconf 89' lang='lat' dir='ltr'>dicitur</span> <span class='ocrx_word' id='word_1_173' title='bbox 373 3001 413 3063; x_wconf 89' lang='lat' dir='ltr'>de</span> <span class='ocrx_word' id='word_1_174' title='bbox 434 2999 654 3064; x_wconf 88' lang='lat' dir='ltr'>sacerdotibus</span> <span class='ocrx_word' id='word_1_175' title='bbox 670 2999 756 3080; x_wconf 91' lang='lat' dir='ltr'>Baal,</span> <span class='ocrx_word' id='word_1_176' title='bbox 780 3020 842 3062; x_wconf 92' lang='lat' dir='ltr'>non</span> <span class='ocrx_word' id='word_1_177' title='bbox 859 3001 1021 3063; x_wconf 87' lang='lat' dir='ltr'>invenient</span> <span class='ocrx_word' id='word_1_178' title='bbox 1039 3021 1153 3064; x_wconf 91' lang='lat' dir='ltr'>conve·</span> 
     </span>
     <span class='ocr_line' id='line_1_24' title="bbox 119 3104 1153 3187; baseline -0.002 -17"><span class='ocrx_word' id='word_1_179' title='bbox 119 3106 264 3172; x_wconf 73' lang='lat' dir='ltr'>seruiens</span> <span class='ocrx_word' id='word_1_180' title='bbox 288 3106 508 3168; x_wconf 89' lang='lat' dir='ltr'>testimonium</span> <span class='ocrx_word' id='word_1_181' title='bbox 527 3104 567 3165; x_wconf 91' lang='lat' dir='ltr'>ad</span> <span class='ocrx_word' id='word_1_182' title='bbox 591 3124 685 3166; x_wconf 90' lang='lat' dir='ltr'>suum</span> <span class='ocrx_word' id='word_1_183' title='bbox 710 3105 911 3166; x_wconf 89' lang='lat' dir='ltr'>mendacium</span> <span class='ocrx_word' id='word_1_184' title='bbox 931 3106 1153 3187; x_wconf 88' lang='lat' dir='ltr'>colorandum,</span> 
     </span>
     <span class='ocr_line' id='line_1_25' title="bbox 119 3191 1154 3292; baseline 0.005 -22"><span class='ocrx_word' id='word_1_185' title='bbox 119 3191 151 3224; x_wconf 67' lang='lat'>‘⁸‘</span> <span class='ocrx_word' id='word_1_186' title='bbox 173 3211 277 3272; x_wconf 89' lang='lat' dir='ltr'>solum</span> <span class='ocrx_word' id='word_1_187' title='bbox 302 3210 334 3272; x_wconf 94' lang='lat' dir='ltr'>in</span> <span class='ocrx_word' id='word_1_188' title='bbox 358 3223 516 3292; x_wconf 88' lang='lat' dir='ltr'>quantum</span> <span class='ocrx_word' id='word_1_189' title='bbox 540 3229 640 3271; x_wconf 91' lang='lat' dir='ltr'>unum</span> <span class='ocrx_word' id='word_1_190' title='bbox 671 3208 842 3271; x_wconf 87' lang='lat' dir='ltr'>adductum</span> <span class='ocrx_word' id='word_1_191' title='bbox 873 3211 1093 3273; x_wconf 87' lang='lat' dir='ltr'>testimonium</span> <span class='ocrx_word' id='word_1_192' title='bbox 1117 3232 1154 3275; x_wconf 82' lang='lat' dir='ltr'>ex</span> 
     </span>
     <span class='ocr_line' id='line_1_26' title="bbox 176 3312 1196 3398; baseline 0.001 -21"><span class='ocrx_word' id='word_1_193' title='bbox 176 3315 302 3377; x_wconf 87' lang='lat' dir='ltr'>Psalmo</span> <span class='ocrx_word' id='word_1_194' title='bbox 316 3314 368 3390; x_wconf 87' lang='lat' dir='ltr'>V⁰,</span> <span class='ocrx_word' id='word_1_195' title='bbox 379 3330 414 3398; x_wconf 91' lang='lat'>7:</span> <span class='ocrx_word' id='word_1_196' title='bbox 429 3312 545 3376; x_wconf 85' lang='lat' dir='ltr'>Perdes</span> <span class='ocrx_word' id='word_1_197' title='bbox 558 3333 668 3398; x_wconf 84' lang='lat' dir='ltr'>ornnes</span> <span class='ocrx_word' id='word_1_198' title='bbox 682 3313 737 3396; x_wconf 84' lang='lat' dir='ltr'>qui</span> <span class='ocrx_word' id='word_1_199' title='bbox 753 3314 927 3395; x_wconf 85' lang='lat' dir='ltr'>loquuntur</span> <span class='ocrx_word' id='word_1_200' title='bbox 943 3314 1153 3380; x_wconf 84' lang='lat' dir='ltr'>nrerrdacium.</span> <span class='ocrx_word' id='word_1_201' title='bbox 1166 3327 1196 3378; x_wconf 82' lang='lat'>25</span> 
     </span>
     <span class='ocr_line' id='line_1_27' title="bbox 175 3418 1154 3502; baseline 0.004 -22"><span class='ocrx_word' id='word_1_202' title='bbox 175 3418 214 3481; x_wconf 85' lang='lat' dir='ltr'>Et</span> <span class='ocrx_word' id='word_1_203' title='bbox 237 3420 312 3502; x_wconf 91' lang='lat' dir='ltr'>quia</span> <span class='ocrx_word' id='word_1_204' title='bbox 335 3419 554 3482; x_wconf 88' lang='lat' dir='ltr'>testimonium</span> <span class='ocrx_word' id='word_1_205' title='bbox 577 3418 654 3480; x_wconf 94' lang='lat' dir='ltr'>illud</span> <span class='ocrx_word' id='word_1_206' title='bbox 672 3438 734 3479; x_wconf 92' lang='lat' dir='ltr'>non</span> <span class='ocrx_word' id='word_1_207' title='bbox 751 3431 797 3479; x_wconf 88' lang='lat' dir='ltr'>est</span> <span class='ocrx_word' id='word_1_208' title='bbox 814 3420 1015 3500; x_wconf 87' lang='lat' dir='ltr'>conveniens,</span> <span class='ocrx_word' id='word_1_209' title='bbox 1032 3421 1105 3484; x_wconf 89' lang='lat' dir='ltr'>ideo</span> <span class='ocrx_word' id='word_1_210' title='bbox 1123 3423 1154 3484; x_wconf 92' lang='lat' dir='ltr'>in</span> 
     </span>
     <span class='ocr_line' id='line_1_28' title="bbox 176 3522 1155 3606; baseline 0.006 -23"><span class='ocrx_word' id='word_1_211' title='bbox 176 3522 249 3585; x_wconf 95' lang='lat' dir='ltr'>dolo</span> <span class='ocrx_word' id='word_1_212' title='bbox 265 3523 420 3605; x_wconf 83' lang='lat' dir='ltr'>allegatur</span> <span class='ocrx_word' id='word_1_213' title='bbox 437 3522 635 3604; x_wconf 85' lang='lat' dir='ltr'>Augustinus</span> <span class='ocrx_word' id='word_1_214' title='bbox 659 3542 719 3604; x_wconf 91' lang='lat' dir='ltr'>pro</span> <span class='ocrx_word' id='word_1_215' title='bbox 743 3522 848 3584; x_wconf 91' lang='lat' dir='ltr'>indole</span> <span class='ocrx_word' id='word_1_216' title='bbox 871 3522 920 3606; x_wconf 91' lang='lat' dir='ltr'>(ut</span> <span class='ocrx_word' id='word_1_217' title='bbox 945 3526 1022 3588; x_wconf 88' lang='lat' dir='ltr'>alias</span> <span class='ocrx_word' id='word_1_218' title='bbox 1042 3526 1155 3589; x_wconf 81' lang='lat' dir='ltr'>diffuse</span> 
     </span>
     <span class='ocr_line' id='line_1_29' title="bbox 175 3625 1156 3712; baseline 0.006 -24"><span class='ocrx_word' id='word_1_219' title='bbox 175 3625 334 3712; x_wconf 74' lang='lat' dir='ltr'>exposui).</span> <span class='ocrx_word' id='word_1_220' title='bbox 370 3627 422 3689; x_wconf 89' lang='lat' dir='ltr'>Sic</span> <span class='ocrx_word' id='word_1_221' title='bbox 451 3625 550 3687; x_wconf 90' lang='lat' dir='ltr'>eciam</span> <span class='ocrx_word' id='word_1_222' title='bbox 574 3626 664 3688; x_wconf 88' lang='lat' dir='ltr'>lesus</span> <span class='ocrx_word' id='word_1_223' title='bbox 698 3643 804 3690; x_wconf 87' lang='lat' dir='ltr'>noster</span> <span class='ocrx_word' id='word_1_224' title='bbox 832 3629 1000 3709; x_wconf 83' lang='lat' dir='ltr'>exprobrat</span> <span class='ocrx_word' id='word_1_225' title='bbox 1035 3632 1156 3694; x_wconf 87' lang='lat' dir='ltr'>scribas</span> 
     </span>
     <span class='ocr_line' id='line_1_30' title="bbox 176 3731 1153 3818; baseline 0.006 -25"><span class='ocrx_word' id='word_1_226' title='bbox 176 3746 205 3793; x_wconf 91' lang='lat' dir='ltr'>et</span> <span class='ocrx_word' id='word_1_227' title='bbox 232 3733 397 3814; x_wconf 88' lang='lat' dir='ltr'>phariseos</span> <span class='ocrx_word' id='word_1_228' title='bbox 421 3731 467 3794; x_wconf 84' lang='lat' dir='ltr'>Vc</span> <span class='ocrx_word' id='word_1_229' title='bbox 489 3731 640 3812; x_wconf 89' lang='lat' dir='ltr'>octuplici</span> <span class='ocrx_word' id='word_1_230' title='bbox 665 3732 766 3794; x_wconf 83' lang='lat' dir='ltr'>verbis</span> <span class='ocrx_word' id='word_1_231' title='bbox 790 3733 907 3814; x_wconf 88' lang='lat' dir='ltr'>asperis</span> <span class='ocrx_word' id='word_1_232' title='bbox 938 3747 968 3796; x_wconf 90' lang='lat' dir='ltr'>et</span> <span class='ocrx_word' id='word_1_233' title='bbox 993 3735 1153 3818; x_wconf 87' lang='lat' dir='ltr'>irrisoriis,</span> 
     </span>
     <span class='ocr_line' id='line_1_31' title="bbox 178 3834 1200 3922; baseline 0.001 -25"><span class='ocrx_word' id='word_1_234' title='bbox 178 3849 211 3898; x_wconf 94' lang='lat' dir='ltr'>ut</span> <span class='ocrx_word' id='word_1_235' title='bbox 237 3849 326 3918; x_wconf 90' lang='lat' dir='ltr'>patet</span> <span class='ocrx_word' id='word_1_236' title='bbox 355 3834 489 3898; x_wconf 90' lang='lat' dir='ltr'>Matthei</span> <span class='ocrx_word' id='word_1_237' title='bbox 515 3834 628 3913; x_wconf 69' lang='lat' dir='ltr'>textu,</span> <span class='ocrx_word' id='word_1_238' title='bbox 662 3856 699 3897; x_wconf 84' lang='lat' dir='ltr'>ex</span> <span class='ocrx_word' id='word_1_239' title='bbox 722 3836 811 3899; x_wconf 92' lang='lat' dir='ltr'>cuius</span> <span class='ocrx_word' id='word_1_240' title='bbox 846 3837 989 3898; x_wconf 86' lang='lat' dir='ltr'>doctrina</span> <span class='ocrx_word' id='word_1_241' title='bbox 1018 3842 1155 3922; x_wconf 89' lang='lat' dir='ltr'>sumpsit</span> <span class='ocrx_word' id='word_1_242' title='bbox 1167 3849 1200 3901; x_wconf 82' lang='lat'>30</span> 
     </span>
     <span class='ocr_line' id='line_1_32' title="bbox 177 3938 1156 4026; baseline 0.005 -25"><span class='ocrx_word' id='word_1_243' title='bbox 177 3941 353 4022; x_wconf 81' lang='lat' dir='ltr'>Apostolus</span> <span class='ocrx_word' id='word_1_244' title='bbox 382 3938 582 4021; x_wconf 91' lang='lat' dir='ltr'>disciplinam</span> <span class='ocrx_word' id='word_1_245' title='bbox 616 3940 655 4002; x_wconf 91' lang='lat' dir='ltr'>ad</span> <span class='ocrx_word' id='word_1_246' title='bbox 685 3940 854 4003; x_wconf 87' lang='lat' dir='ltr'>dicendum</span> <span class='ocrx_word' id='word_1_247' title='bbox 888 3942 1022 4026; x_wconf 89' lang='lat' dir='ltr'>principi</span> <span class='ocrx_word' id='word_1_248' title='bbox 1055 3964 1156 4007; x_wconf 89' lang='lat' dir='ltr'>sacer·</span> 
     </span>
     <span class='ocr_line' id='line_1_33' title="bbox 177 4045 1159 4127; baseline 0.006 -21"><span class='ocrx_word' id='word_1_249' title='bbox 177 4045 304 4107; x_wconf 89' lang='lat' dir='ltr'>dotum:</span> <span class='ocrx_word' id='word_1_250' title='bbox 366 4045 528 4109; x_wconf 85' lang='lat' dir='ltr'>Percuciet</span> <span class='ocrx_word' id='word_1_251' title='bbox 586 4055 616 4109; x_wconf 93' lang='lat' dir='ltr'>te</span> <span class='ocrx_word' id='word_1_252' title='bbox 676 4045 776 4124; x_wconf 85' lang='lat' dir='ltr'>Deus,</span> <span class='ocrx_word' id='word_1_253' title='bbox 836 4047 950 4127; x_wconf 83' lang='lat' dir='ltr'>paries</span> <span class='ocrx_word' id='word_1_254' title='bbox 1014 4047 1159 4113; x_wconf 79' lang='lat' dir='ltr'>dealbate</span> 
     </span>
    </p>
   </div>
   <div class='ocr_carea' id='block_1_3' title="bbox 176 4149 1157 4248">
    <p class='ocr_par' dir='ltr' id='par_1_3' title="bbox 176 4149 1157 4248">
     <span class='ocr_line' id='line_1_34' title="bbox 176 4149 1157 4248; baseline 0.001 -33"><span class='ocrx_word' id='word_1_255' title='bbox 176 4158 246 4215; x_wconf 81' lang='lat' dir='ltr'>Act.</span> <span class='ocrx_word' id='word_1_256' title='bbox 263 4150 393 4248; x_wconf 67' lang='lat' dir='ltr'>XXHP,</span> <span class='ocrx_word' id='word_1_257' title='bbox 414 4153 444 4232; x_wconf 85' lang='lat'>3,</span> <span class='ocrx_word' id='word_1_258' title='bbox 469 4151 554 4212; x_wconf 92' lang='lat' dir='ltr'>unde</span> <span class='ocrx_word' id='word_1_259' title='bbox 579 4151 658 4213; x_wconf 89' lang='lat' dir='ltr'>utile</span> <span class='ocrx_word' id='word_1_260' title='bbox 675 4149 755 4214; x_wconf 81' lang='lat' dir='ltr'>foret</span> <span class='ocrx_word' id='word_1_261' title='bbox 772 4151 973 4216; x_wconf 89' lang='lat' dir='ltr'>introducere</span> <span class='ocrx_word' id='word_1_262' title='bbox 988 4165 1019 4215; x_wconf 92' lang='lat' dir='ltr'>et</span> <span class='ocrx_word' id='word_1_263' title='bbox 1042 4153 1157 4216; x_wconf 91' lang='lat' dir='ltr'>docere</span> 
     </span>
    </p>
   </div>
   <div class='ocr_carea' id='block_1_4' title="bbox 178 4352 1233 4483">
    <p class='ocr_par' dir='ltr' id='par_1_4' title="bbox 178 4352 1233 4483">
     <span class='ocr_line' id='line_1_35' title="bbox 214 4352 1157 4412; baseline 0.003 -12"><span class='ocrx_word' id='word_1_264' title='bbox 214 4353 234 4400; x_wconf 80' lang='grc'>5.</span> <span class='ocrx_word' id='word_1_265' title='bbox 248 4357 271 4399; x_wconf 81' lang='grc' dir='ltr'><strong>Α</strong></span> <span class='ocrx_word' id='word_1_266' title='bbox 285 4355 308 4399; x_wconf 91' lang='lat' dir='ltr'>ln</span> <span class='ocrx_word' id='word_1_267' title='bbox 322 4365 409 4411; x_wconf 59' lang='lat' dir='ltr'>marn:</span> <span class='ocrx_word' id='word_1_268' title='bbox 431 4352 560 4409; x_wconf 84' lang='lat' dir='ltr'>Quomodo</span> <span class='ocrx_word' id='word_1_269' title='bbox 578 4354 650 4400; x_wconf 87' lang='lat' dir='ltr'>lrrislt</span> <span class='ocrx_word' id='word_1_270' title='bbox 664 4352 727 4400; x_wconf 81' lang='lat' dir='ltr'>Elias</span> <span class='ocrx_word' id='word_1_271' title='bbox 744 4356 927 4412; x_wconf 70' lang='lat' dir='ltr'>quadringentos</span> <span class='ocrx_word' id='word_1_272' title='bbox 946 4357 1079 4403; x_wconf 85' lang='lat' dir='ltr'>sacerdotes</span> <span class='ocrx_word' id='word_1_273' title='bbox 1093 4356 1157 4403; x_wconf 76' lang='lat' dir='ltr'>batt.</span> 
     </span>
     <span class='ocr_line' id='line_1_36' title="bbox 178 4419 1233 4483; baseline 0.003 -14"><span class='ocrx_word' id='word_1_274' title='bbox 178 4434 213 4469; x_wconf 80' lang='lat' dir='ltr'>ao.</span> <span class='ocrx_word' id='word_1_275' title='bbox 232 4421 407 4469; x_wconf 74' lang='lat' dir='ltr'>Aslascldtnt.</span> <span class='ocrx_word' id='word_1_276' title='bbox 511 4435 547 4483; x_wconf 83' lang='lat'>²9·</span> <span class='ocrx_word' id='word_1_277' title='bbox 565 4425 587 4468; x_wconf 82' lang='grc' dir='ltr'><strong>Α</strong></span> <span class='ocrx_word' id='word_1_278' title='bbox 602 4423 631 4469; x_wconf 79' lang='lat' dir='ltr'>lie</span> <span class='ocrx_word' id='word_1_279' title='bbox 650 4423 762 4481; x_wconf 83' lang='lat' dir='ltr'>octipllcl.</span> <span class='ocrx_word' id='word_1_280' title='bbox 864 4424 897 4471; x_wconf 76' lang='lat'>3².</span> <span class='ocrx_word' id='word_1_281' title='bbox 916 4427 937 4469; x_wconf 88' lang='grc' dir='ltr'><strong>Α</strong></span> <span class='ocrx_word' id='word_1_282' title='bbox 952 4425 982 4470; x_wconf 77' lang='lat' dir='ltr'>lia</span> <span class='ocrx_word' id='word_1_283' title='bbox 1001 4426 1059 4471; x_wconf 86' lang='lat' dir='ltr'>dens</span> <span class='ocrx_word' id='word_1_284' title='bbox 1073 4428 1157 4483; x_wconf 88' lang='lat' dir='ltr'>perles.</span> <span class='ocrx_word' id='word_1_285' title='bbox 1228 4419 1233 4424; x_wconf 80' lang='grc'><strong>’</strong></span> 
     </span>
    </p>
   </div>
   <div class='ocr_carea' id='block_1_5' title="bbox 221 4563 677 4634">
    <p class='ocr_par' dir='ltr' id='par_1_5' title="bbox 221 4563 677 4634">
     <span class='ocr_line' id='line_1_37' title="bbox 221 4563 677 4634; baseline 0.007 -18"><span class='ocrx_word' id='word_1_286' title='bbox 221 4580 262 4634; x_wconf 83' lang='lat'>²7·</span> <span class='ocrx_word' id='word_1_287' title='bbox 280 4564 348 4617; x_wconf 85' lang='lat' dir='ltr'>Vide</span> <span class='ocrx_word' id='word_1_288' title='bbox 365 4579 444 4634; x_wconf 87' lang='lat' dir='ltr'>supra</span> <span class='ocrx_word' id='word_1_289' title='bbox 460 4580 520 4634; x_wconf 76' lang='lat' dir='ltr'>pag.</span> <span class='ocrx_word' id='word_1_290' title='bbox 542 4563 599 4632; x_wconf 77' lang='lat'>163,</span> <span class='ocrx_word' id='word_1_291' title='bbox 620 4564 677 4632; x_wconf 75' lang='grc'><strong>164.</strong></span> 
     </span>
    </p>
   </div>
   <div class='ocr_carea' id='block_1_6' title="bbox 0 0 1636 5226">
    <p class='ocr_par' dir='ltr' id='par_1_6' title="bbox 0 0 1636 5226">
     <span class='ocr_line' id='line_1_38' title="bbox 0 0 1636 5226; baseline 0 0"><span class='ocrx_word' id='word_1_292' title='bbox 0 0 1636 5226; x_wconf 95' lang='lat' dir='ltr'> </span> 
     </span>
    </p>
   </div>
  </div>
 </body>
</html>
