3262 5226
158 373 221 438 nt
678 376 1015 436 rournnrswrcur.
1215 352 1354 446 [cae-vt

178 555 291 604 nent·
305 569 339 602 ιο
372 542 548 628 loquuntur
579 541 619 603 de
648 549 823 617 contractu,
855 535 895 599 de
929 531 1123 617 cognatione
1159 546 1190 597 et
1218 532 1470 618 despon·144¹B

117 704 122 710 .
170 612 353 708 marinii·
373 644 499 710 sacione
529 642 656 727 carnali,
687 662 754 706 non
785 653 894 704 autem
916 638 1082 725 spirituali,
1104 638 1185 703 sicut
1206 637 1357 701 debemus

155 712 367 826 ‘Miiiitsiiiiri'fm
373 748 461 834 loqui
483 747 517 812 in
538 747 706 833 proposito
731 760 761 810 et
783 765 822 809 eo
851 745 1005 810 debemus
1034 764 1105 808 eam
1130 742 1230 828 magis
1256 756 1357 806 atten-

374 854 456 935 dere,
477 872 544 939 quo
567 865 617 917 est
637 848 820 937 preciosior,
842 848 991 935 proprior
1014 862 1046 913 et
1060 847 1093 912 in
1107 847 1259 933 scriptura
1273 865 1359 910 sacra

375 955 558 1042 expressior.
652 1007 656 1016 .
1206 1003 1210 1012 ·
1302 957 1305 961 ’
1368 970 1383 1025 5

416 1062 500 1126 Nam
521 1059 700 1126 secundum
723 1058 812 1124 illam
833 1079 949 1124 omnes
971 1057 1112 1123 salvandi
1134 1072 1207 1123 sunt
1223 1055 1280 1121 filii
1301 1055 1392 1131 Deio

376 1180 407 1231 et
426 1165 491 1229 veri
512 1163 620 1231 iratres
636 1185 673 1229 ex
688 1178 824 1249 utroque
839 1178 979 1249 parente,
993 1185 1073 1249 ymo
1089 1163 1265 1227 secundum
1278 1160 1358 1246 logi·

376 1291 446 1335 cam
467 1269 584 1335 Christi
606 1267 812 1333 rectissimam
834 1267 968 1332 Matthei
989 1268 1075 1350 llll⁰,
1090 1269 1146 1333 50:
1171 1268 1360 1351 Quicunque

375 1373 459 1440 filius
480 1372 568 1459 regni
592 1372 787 1438 voluntatem
805 1374 991 1458 patrissui
1004 1370 1132 1458 fecerit
1151 1373 1207 1456 qui
1228 1371 1262 1435 in
1284 1372 1361 1436 celis

377 1488 433 1558 est,
455 1479 525 1562 ipse
545 1478 629 1542 su'rrs
642 1476 767 1562 stater,
790 1496 889 1541 soror
910 1488 945 1542 et
966 1488 1072 1543 muter
1094 1487 1150 1542 est.
1174 1477 1215 1541 Et
1235 1474 1280 1540 sic
1294 1475 1405 1550 sinen,

377 1582 580 1649 distinccione
602 1604 695 1648 sexus
726 1581 899 1667 spiritualis
934 1581 1041 1645 omnis
1071 1581 1257 1646 christianus
1291 1602 1361 1666 pre·

378 1687 560 1770 destinatus,
574 1686 641 1752 sive
663 1686 823 1753 masculus
844 1687 910 1750 sive
926 1685 1054 1769 femina,
1071 1700 1117 1750 est
1139 1685 1241 1772 lrater,
1263 1706 1363 1769 soror,

173 1819 201 1853 a
213 1807 253 1851 ne
266 1804 360 1852 canet
379 1807 490 1857 mater*
503 1805 534 1855 et
549 1811 668 1875 sponsa
683 1791 810 1857 Christi.
820 1791 900 1856 ldeo
910 1790 1119 1857 Canticorum
1132 1792 1190 1875 V0,
1210 1812 1236 1876 1,
1251 1791 1373 1856 dicitur¹

163 1858 371 2009 ciffirpziifie
379 1895 520 1961 ecclesie:
550 1893 630 1961 Veni
657 1898 689 1962 iu
724 1908 829 1962 ortum
862 1917 969 1961 meum
994 1916 1101 1960 ‘soror
1132 1917 1202 1961 mea
1232 1901 1364 1981 sponsa.

204 2012 331 2073 Serme
378 2003 464 2066 Ymo
486 2000 617 2066 ecclesia
637 2016 685 2067 est
705 2022 777 2065 vere
792 2002 910 2065 domus
932 2001 1001 2084 Dei,
1016 2001 1125 2066 civitas
1139 2001 1219 2086 regis
1234 2002 1364 2085 iusticie,
1378 2019 1407 2074 ,5

380 2125 515 2190 regnum
546 2105 700 2189 celorum,
723 2121 812 2172 ortus
847 2106 1029 2188 conclusus,
1061 2104 1133 2169 lons
1161 2107 1304 2190 signatus
1335 2122 1367 2174 et

380 2210 441 2275 alia
462 2231 526 2296 que
547 2212 702 2297 scriptura
723 2213 764 2276 ad
787 2231 919 2276 sensum
942 2210 1106 2276 misticum
1128 2211 1185 2275 sibi
1214 2212 1364 2290 attribuit.

379 2316 464 2381 Nam
485 2316 518 2378 in
550 2315 764 2401 spiritualibus
795 2319 909 2382 eadem
940 2315 1121 2381 substancia
1152 2316 1247 2380 habet
1272 2315 1305 2379 in
1333 2340 1365 2382 se

380 2419 445 2484 sine
461 2421 673 2506 repugnantia
683 2422 839 2507 quotlibet
848 2422 992 2487 raciones
1004 2442 1077 2486 vere
1094 2442 1203 2484 earum
1219 2421 1364 2499 denomi-

381 2525 538 2609 naciones,
560 2540 597 2591 ut
618 2526 837 2612 exemplariter
863 2526 970 2591 videre
996 2545 1171 2611 possumus
1199 2526 1364 2611 quomodo
1376 2561 1409 2597 rs

380 2630 608 2695 contrariorum
637 2631 757 2716 species
789 2645 821 2696 et
856 2631 1054 2696 intenciones
1090 2643 1165 2694 sunt
1200 2629 1297 2693 simul
1332 2629 1366 2694 in

380 2734 486 2800 medio
508 2749 539 2800 et
561 2735 595 2799 in
618 2751 735 2801 mente.
758 2737 799 2802 Et
821 2737 875 2800 ille
897 2737 953 2822 qui
976 2737 1103 2821 ignorat
1123 2735 1185 2800 hoc
1213 2748 1261 2799 est
1274 2734 1365 2800 valde

381 2839 586 2925 indispositus
609 2842 649 2904 ad
674 2843 936 2925 cognoscendum
967 2841 1121 2906 catholice
1148 2840 1226 2904 illud
1254 2841 1367 2904 celeste

382 2944 575 3030 coniugium.
599 2948 682 3010 Nam
704 2946 798 3010 Ysaie
813 2947 944 3028 xxva
965 2945 1123 3029 t,'dicitur
1137 2947 1176 3009 de
1191 2944 1321 3010 Christo
1337 2958 1368 3009 et

383 3064 489 3113 uncta
519 3049 663 3115 ecclesia:
695 3050 846 3114 Salvator
874 3060 1021 3135 ponetur
1055 3053 1088 3114 in
1122 3070 1161 3115 ea
1195 3053 1311 3115 murus
1330 3053 1412 3121 ἰω

385 3155 599 3219 antemurale.
645 3155 790 3220 Christus
828 3156 915 3219 enim
952 3155 1132 3219 secundum
1173 3154 1369 3219 divinitatem

385 3258 554 3323 inmediate
584 3259 807 3344 complectitur
833 3281 985 3345 sponsam
1012 3280 1114 3340 suam,
1142 3273 1175 3322 et
1195 3260 1371 3323 secundum

385 3363 615 3428 humanitatem
637 3385 702 3450 qua
723 3365 867 3430 minutus
890 3380 938 3430 est
964 3363 1170 3449 paulominus
1192 3366 1231 3428 ab
1253 3364 1371 3449 angelis

386 3484 432 3533 est
453 3471 659 3552 antemurale,
682 3469 757 3555 quia
780 3468 843 3534 dur
859 3470 939 3534 belli
950 3470 1019 3533 diro
1036 3468 1205 3533 certamine
1220 3470 1371 3553 superans

388 3573 492 3638 hostes
507 3573 645 3654 ecclesie,
661 3574 745 3638 etsic
755 3575 794 3638 de
804 3573 963 3660 quotlibet
973 3573 1153 3638 rationibus
1165 3594 1243 3658 quas
1258 3593 1371 3638 omnes
1382 3589 1415 3643 30

389 3677 550 3761 apostolus
560 3679 587 3742 1·
602 3678 748 3743 Corinth.
771 3679 857 3761 XV0,
882 3679 923 3741 28
947 3678 1173 3763 compendiose
1187 3678 1371 3762 complecti·

390 3795 448 3863 tur,
472 3783 579 3847 dicens
601 3785 689 3869 quod
715 3783 865 3848 Christus
888 3793 937 3848 est
958 3785 1068 3848 omnio
1092 3785 1125 3848 in
1149 3784 1306 3850 omnibus.

431 3886 524 3951 Unde
539 3884 559 3931 *
574 3887 674 3972 ignari
697 3887 849 3971 scripture
872 3887 1032 3952 divertunt
1060 3890 1101 3952 ad
1131 3888 1207 3952 tales
1239 3888 1374 3973 pueriles
1386 3902 1485 3972 145·D

391 3988 569 4074 instantias,
604 3993 735 4077 quando
765 3991 894 4056 aliunde
931 3991 1082 4058 deficiunt
1122 4006 1308 4077 argumenta
1342 4006 1375 4059 et

393 4093 500 4159 dicunt
522 4096 609 4181 quod
631 4097 786 4181 scriptura
802 4112 910 4179 nostra
925 4111 972 4163 est
987 4096 1190 4184 impossibilis
1202 4098 1235 4161 in
1249 4111 1396 4167 tantuma

431 4274 467 4319 24.
480 4262 561 4318 Yulez
587 4263 801 4312 Codd.Ysldoms.
832 4263 939 4312 Correxl.
1044 4266 1081 4314 26.
1108 4265 1168 4312 Ala
1182 4278 1269 4325 murm
1289 4263 1376 4312 Christi

394 4342 512 4391 respectus
526 4333 555 4379 ad
569 4334 704 4381 seelestam.
782 4333 816 4382 33.
831 4337 854 4381 Λ
867 4334 892 4382 la
906 4348 996 4395 marga
1011 4333 1102 4393 Duplex
1114 4334 1204 4396 oplnlo.
1319 4360 1322 4368 ·
