3262 5226
775 363 946 417 somnus
963 363 1114 416 wicus.
1316 344 1400 435 [cin.
1420 359 1455 407 ιν

473 521 664 605 pretendunt
686 541 719 585 se
740 539 849 606 gerere
871 519 1019 586 vicariam
1041 535 1244 606 potestatem.
1267 521 1367 587 Aliter
1375 523 1518 606 enimP,

472 641 547 692 sunt
567 628 606 690 de
620 623 641 663 ⁸
654 625 865 711 generacione
875 626 1014 710 pessima
1023 625 1196 691 meretricis
1206 625 1334 690 diaboli.
1357 627 1460 692 Gene·
1474 640 1535 712 140⁴

382 815 385 819 Ι
472 731 556 795 racio
577 731 665 796 enim
686 744 761 795 sunt
784 729 913 813 Christi,
928 751 1033 816 neque
1049 744 1174 795 constat
1196 732 1462 815 exsanguinibus

474 848 511 899 ut
530 835 562 900 in
582 834 820 921 propagacione
843 834 978 900 naturali
1002 855 1106 921 neque
1122 856 1161 900 ex
1182 837 1346 902 voluntate
1361 837 1463 902 carnis

472 953 509 1004 ut
529 939 561 1003 in
582 939 689 1003 electis
711 939 797 1003 nude
815 960 853 1003 ex
866 939 1036 1005 affeccione
1050 940 1168 1003 carnali
1182 961 1285 1027 neque
1306 941 1339 1005 in
1357 943 1487 1012 electiss

472 1064 531 1130 pro
552 1064 674 1129 pompa
696 1044 792 1109 seculi
815 1065 883 1130 que,
903 1044 1041 1109 nascitur
1063 1066 1101 1109 ex
1123 1045 1289 1110 voluntate
1311 1045 1379 1128 viri,
1406 1048 1463 1111 sed

472 1169 509 1214 ex
530 1149 597 1212 Deo
610 1147 676 1214 nati
686 1162 761 1213 sunt
774 1163 941 1234 tamquam
961 1147 1016 1212 filii
1039 1149 1232 1214 imitationis
1247 1171 1304 1235 per
1324 1149 1463 1235 graciam

471 1254 676 1338 adoptantem
689 1268 721 1319 et
734 1267 811 1319 tunc
834 1275 872 1318 ex
895 1253 1085 1320 condicione
1102 1254 1229 1340 generis
1251 1255 1461 1340 patrizabunt.

250 1344 463 1443 „mmm
514 1358 628 1422 Tercio
649 1357 766 1423 dicitur
786 1359 827 1424 ad
850 1359 1014 1423 obiectum
1029 1359 1069 1425 de
1089 1360 1208 1424 noticia
1223 1360 1332 1425 matris
1354 1376 1499 1457 nostreq

267 1447 451 1558 ’ἱῖῗᾶΐξζξ
472 1463 560 1548 quod
581 1462 657 1528 satis
680 1463 885 1548 cognoscitur
911 1485 930 1528 a
957 1462 1058 1530 fideli:
1091 1479 1140 1530 est
1162 1465 1248 1529 enim
1271 1467 1343 1532 dare
1376 1465 1460 1530 noti·
1474 1494 1505 1532 ιο

252 1552 391 1662 ,ζὲζᾚ
404 1565 552 1651 fficiam
565 1567 746 1634 distinctam
759 1582 790 1633 et
805 1567 974 1634 conlusam
989 1583 1020 1634 et
1030 1583 1164 1655 utraque
1173 1583 1280 1655 potest
1293 1569 1461 1656 subdividi,

470 1674 576 1760 quoad
589 1695 761 1758 personam
775 1674 826 1738 vel
842 1672 1129 1755 circumstanciam,
1147 1675 1255 1759 quoad
1269 1694 1399 1739 sensum
1412 1674 1464 1739 vel

469 1778 672 1862 intellecmm,
694 1779 803 1864 quoad
817 1777 916 1842 fidem
936 1778 987 1842 vel
1009 1778 1181 1844 meionem
1204 1777 1237 1843 Si
1259 1778 1364 1843 cenim
1386 1799 1461 1864 cog·

470 1905 568 1950 nosco
594 1897 691 1968 caput
709 1883 839 1949 ecclesie
855 1897 887 1948 et
901 1897 1008 1948 tamen
1024 1884 1097 1968 ipso
1113 1897 1243 1948 ostenso
1258 1883 1354 1947 michi
1376 1885 1461 1949 nude

470 1990 504 2055 in
525 1990 627 2075 specie
648 1990 790 2054 humana
816 1988 971 2054 nescirem
995 1989 1104 2074 ipsum
1126 1989 1166 2053 ab
1191 1988 1254 2051 alio
1276 1987 1461 2054 discernere.
1475 1997 1505 2053 ι5

251 2090 396 2149 ΜΨ·
419 2101 462 2140 ⁰⁰¹
515 2096 616 2176 Unde,
639 2115 715 2160 cum
736 2093 800 2160 fide
822 2094 1026 2160 ambulamus
1050 2108 1082 2159 et
1109 2093 1258 2176 vivimus,
1281 2114 1461 2159 consonum

265 2145 449 2244 ffiii‘imd‘
471 2200 625 2285 estquod
659 2221 720 2266 nos
751 2199 843 2285 quasi
876 2201 977 2263 modo
998 2199 1099 2283 geniti
1122 2197 1260 2263 infantes
1282 2198 1413 2264 coniuse
1427 2199 1460 2264 in

292 2257 353 2295 m
366 2251 430 2296 m
471 2305 646 2371 velamento
669 2305 742 2370 fidei
764 2305 939 2370 habeamus
963 2304 1117 2369 noticiam
1139 2303 1249 2368 matris
1271 2317 1392 2368 nostre:
1417 2303 1461 2370 sic

472 2408 556 2474 enim
577 2431 634 2475 nee
665 2409 820 2496 prescitos
847 2409 1111 2495 reprehendimus
1144 2430 1202 2474 nec
1228 2409 1460 2494 predestinatos
1469 2429 1504 2468 so

471 2514 648 2580 extollimus
659 2515 787 2596 viciose,
800 2516 856 2580 sed
879 2516 1163 2600 correspondenter
1178 2515 1218 2577 ad
1227 2513 1379 2581 noticiam
1394 2528 1460 2580 tam

471 2621 610 2684 membra
621 2621 730 2684 matris
740 2633 849 2685 nostre
859 2640 959 2705 quam
981 2618 1125 2685 infideles
1148 2619 1208 2683 sibi
1230 2632 1262 2683 et
1284 2618 1376 2685 nobis
1398 2619 1459 2683 ini·

470 2724 568 2789 micos
604 2724 781 2810 diligimus3
812 2726 886 2789 illos
919 2738 1029 2789 autem
1061 2745 1146 2811 quos
1177 2723 1323 2789 videmus
1355 2724 1461 2789 vivere

471 2832 644 2895 secundum
666 2832 769 2915 legem
781 2830 840 2895 Dei
856 2845 1044 2916 reputamus
1059 2851 1128 2895 esse
1144 2828 1227 2894 filios
1249 2829 1348 2913 regni,
1370 2829 1460 2894 etsie

470 2936 508 2999 de
530 2936 596 3000 aliis
619 2937 773 3002 babemus
796 2936 953 3000 maiorem
975 2935 1184 3017 evidentiam,
1208 2936 1247 2997 de
1262 2934 1330 2998 aliis
1353 2934 1503 2998 mino-25

470 3061 544 3106 rem
567 3041 613 3104 De
635 3040 697 3105 illis
720 3055 828 3106 tamen
841 3062 927 3105 nunc
951 3040 1110 3104 credimus
1125 3040 1215 3126 quod
1236 3054 1309 3102 sunt
1319 3040 1461 3104 membra

470 3146 574 3210 matris
597 3160 702 3209 nostre
724 3147 774 3211 vel
798 3145 972 3210 meretricis
989 3145 1138 3230 opposite
1162 3146 1236 3230 plus
1258 3165 1357 3229 quam
1387 3142 1459 3208 fide.

469 3251 571 3331 Unde,
583 3250 744 3336 quesitoa
767 3272 820 3314 me
836 3251 876 3314 de
897 3270 1090 3336 quacunque
1112 3270 1250 3334 persona
1264 3249 1314 3312 vel
1335 3250 1461 3333 populo

469 3371 670 3420 conversante
701 3355 872 3419 nobiscum
910 3369 1019 3420 utrum
1056 3354 1096 3419 sit
1132 3355 1316 3418 membrum
1351 3352 1461 3416 matris

470 3474 583 3542 nostre,
604 3460 650 3525 sic
672 3462 762 3546 quod
784 3460 924 3525 videndo
953 3460 1062 3544 ipsum
1091 3458 1258 3523 videamus
1284 3456 1461 3542 parcialiter
1471 3463 1504 3517 30

469 3581 599 3630 matrem
621 3579 775 3648 nostram,
807 3564 880 3628 dico
909 3565 998 3649 quod
1025 3584 1086 3647 ego
1115 3564 1230 3647 ignoro
1261 3564 1316 3627 sed
1345 3575 1460 3647 reputo

469 3671 518 3732 vel
543 3690 691 3755 suppono
713 3690 750 3733 ex
774 3670 876 3733 modo
892 3667 1100 3733 conversandi
1121 3669 1166 3733 sic
1182 3668 1232 3732 vel
1254 3668 1309 3753 sic,
1332 3689 1389 3732 nec
1413 3683 1460 3734 est

470 3775 692 3841 inconveniens
708 3775 764 3840 sed
779 3796 962 3839 consonum
978 3774 1072 3840 statui
1099 3774 1150 3840 vie
1165 3774 1254 3860 quod
1276 3773 1460 3859 ignoremus

508 3976 528 4010 a.
543 3968 564 4011 Α
576 3965 599 4011 ln
613 3977 700 4022 maras
716 3964 850 4012 Generacio
863 3963 916 4010 Dei.
929 3965 1024 4020 (Abone
1038 3966 1117 4022 κοί.)
1131 3963 1162 4009 Bi
1176 3972 1231 4011 suat
1244 3963 1318 4008 deest.
1385 3962 1408 4008 8.
1421 3963 1454 4011 Aa

471 4035 633 4093 patrissabant
759 4047 783 4095 9.
797 4036 821 4082 Α
834 4036 860 4081 iu
875 4046 962 4091 mara:
978 4033 1013 4079 De
1026 4035 1122 4081 noticia.
1242 4045 1275 4091 ¹9·
1295 4033 1318 4079 Α
1331 4032 1355 4079 in
1370 4045 1458 4090 marga

469 4103 586 4150 Noriclam
599 4105 693 4163 qualem
716 4107 831 4151 habemus
850 4106 880 4151 de
901 4105 1003 4151 ecclesla
1022 4114 1046 4151 et
1066 4106 1096 4151 de
1118 4105 1225 4163 partlbus
1245 4104 1296 4149 elus
1316 4103 1354 4149 bic
1373 4105 1398 4150 la
1412 4104 1457 4150 vla.

470 4172 503 4219 ab.
517 4172 561 4220 llle
574 4174 641 4219 locus
654 4183 781 4232 cormptus
795 4186 849 4220 esse
863 4175 967 4228 videtura
982 4174 1216 4232 {anasselegedume
1229 4180 1367 4219 tamennon
1381 4173 1459 4220 eredl·

470 4254 530 4289 mua
615 4243 652 4289 ad.
667 4243 698 4288 as
714 4243 793 4289 aden.
872 4245 950 4294 am
964 4243 989 4289 la
1004 4256 1092 4301 marga
1107 4242 1215 4304 Questio.
1294 4255 1329 4300 η.
1343 4243 1374 4288 aa
1389 4240 1458 4288 llnde

471 4325 551 4372 quaa.
653 4313 684 4362 31·
697 4315 720 4360 Α
733 4313 757 4359 lu
772 4325 859 4374 maran
874 4313 1017 4375 Respoaslo.
