3262 5226
372 513 440 562 cnr.
451 495 505 589 m]
748 513 796 566 oe
813 511 991 565 secessit.

256 677 492 750 0138⁸caritas
523 673 584 739 illa
605 671 697 756 sacit
727 689 790 754 que
820 667 865 731 ad
897 679 1024 753 tempus
1054 666 1230 733 inardescit
1259 677 1291 733 et
1321 669 1354 734 im

369 792 529 845 momento
545 774 897 864 resrigescltl’dbsque
913 774 1009 837 dubio
1023 773 1080 858 qui
1090 783 1356 858 perseuerantem

369 887 538 949 caritatem
563 900 729 964 nunquam
753 878 930 961 accipiunt,
953 898 1118 962 nunquam
1131 876 1172 942 de
1186 881 1275 944 reris
1291 878 1357 944 illis

372 990 492 1053 Christi
523 985 677 1051 membris
699 982 848 1067 fuerunt
877 984 934 1067 qui
954 984 1105 1068 corporis
1127 984 1199 1048 eius
1220 969 1361 1069 integri-¹

345 1104 466 1164 statem
496 1089 686 1175 perficiunt.
720 1087 906 1152 Secundum
938 1087 1103 1171 quandam
1132 1089 1356 1171 accepcionem

370 1209 478 1262 tamen
500 1213 679 1278 possumus
708 1204 738 1256 et
767 1192 910 1256 solemus
936 1195 1107 1257 caritatem
1130 1193 1355 1258 transitoriam

369 1303 522 1367 habentes
546 1299 694 1363 membra
713 1296 834 1361 Cbristi
855 1296 965 1362 dicere
982 1307 1124 1381 propter
1139 1297 1356 1363 membrorum

372 1409 473 1492 ipsius
488 1404 749 1490 conformitatem
760 1421 856 1487 quam
867 1403 913 1466 ad
922 1414 1050 1486 tempus
1064 1403 1218 1468 ridentur
1227 1403 1356 1470 habere.

334 1528 361 1582 1>
414 1511 478 1576 Sed
493 1520 528 1574 ut
549 1529 570 1573 a
582 1509 638 1592 pie
653 1509 862 1592 querentibus
877 1528 1004 1573 omnem
1019 1509 1210 1595 scrupulum
1227 1529 1357 1574 amone·

331 1638 474 1694 toamus,
498 1615 636 1680 dicimus
656 1613 745 1699 quod
767 1613 889 1694 triplici
911 1612 1006 1677 modo
1033 1613 1213 1678 membrum
1233 1614 1446 1685 christinam
1466 1652 1580 1740 any-w
1552 1640 1583 1688 ot

369 1721 434 1786 dici
456 1721 615 1785 solemus:
632 1718 929 1804 predestinacione,
941 1721 1198 1801 preparacione,
1219 1739 1351 1784 concor·
1365 1691 1580 1800 soppffldeppper

364 1827 553 1911 poracione.
571 1822 867 1903 Prodestinacione,
882 1824 1014 1907 quando
1030 1824 1186 1888 advitam
1202 1824 1357 1889 diuinitus
1372 1778 1572 1910 ‚stelechium

365 1930 622 2016 preordinatnr,·
652 1929 907 2011 preparacione,
944 1928 1077 2012 quando
1107 1948 1268 2015 paganus
1306 1931 1358 1995 nel
1392 1885 1572 2015 trevirense,

361 2037 477 2122 salsus
499 2034 697 2098 christianus
720 2032 882 2096 veraciter
899 2034 1131 2118 compnngitur
1154 2034 1250 2099 etad
1273 2008 1578 2116 nem-mucorsslmnm.

331 2150 465 2207 tstatem
489 2158 529 2202 ac
548 2138 717 2202 caritatem
737 2137 902 2215 inbuitur;
922 2139 1231 2223 concorporacione,
1252 2159 1356 2224 quart·

370 2246 411 2309 do
434 2245 490 2309 ille
507 2263 574 2327 per
595 2245 742 2325 corporis
763 2241 978 2323 ablucionem,
1010 2245 1070 2307 iste
1091 2263 1158 2326 per
1178 2244 1358 2309 sacerdotis

371 2348 608 2413 absolucionem
632 2347 765 2413 ecclesie
796 2346 917 2410 Cleristi
943 2347 1182 2433 conformatur.
1210 2350 1356 2415 Primum

370 2456 483 2540 agitur
509 2452 680 2536 proposito
713 2452 822 2517 divine
854 2452 1039 2536 voluntatis,
1073 2453 1251 2519 secundum
1279 2474 1356 2539 pro·

365 2560 476 2644 posito
502 2560 639 2642 proprie
668 2557 930 2639 deliberacionis,
966 2560 1103 2624 tercium
1137 2579 1215 2626 uero
1248 2559 1356 2647 officio
1408 2608 1411 2613 -

331 2694 362 2730 ιο
371 2665 560 2730 sacerdotis.
595 2662 648 2726 Ex
679 2663 849 2746 corporali
878 2664 1050 2730 aduertere
1067 2685 1245 2750 possumus
1279 2666 1357 2751 quid

371 2773 411 2836 de
433 2769 599 2853 spirituali
620 2768 830 2854 edificacione
852 2771 974 2835 sentire
997 2771 1184 2837 debeamus.
1208 2769 1295 2837 Ecc'e
1316 2773 1356 2838 de

371 2877 456 2941 silva
479 2876 607 2960 lignum
631 2873 782 2959 eligitnr;
804 2874 895 2938 utin
918 2874 1047 2960 edificio
1064 2889 1224 2961 ponatur,
1240 2890 1356 2962 postea

303 2973 512 3056 istodolatnr,
539 2991 571 3044 et
601 2978 777 3044 admodum
806 2980 960 3065 sormam
994 3002 1177 3068 congruam
1188 2981 1357 3049 *dolando

367 3097 582 3173 preparatur,
613 3085 658 3149 ad
685 3085 831 3148 ultimum
865 3086 991 3172 edificio
1020 3090 1222 3154 connectitur
1242 3102 1276 3155 et
1294 3092 1358 3175 ipsi

331 3202 361 3256 25
372 3193 474 3257 debite
496 3193 528 3256 in
553 3191 624 3256 loco
645 3201 827 3274 coaptatur.
850 3190 936 3256 Ecce
957 3193 1117 3276 quomodo
1141 3215 1241 3259 unum
1266 3195 1357 3260 deni·

372 3319 432 3382 que
449 3294 759 3383 lignumfitedificii
767 3296 949 3360 membrum
959 3299 1084 3381 :primo
1099 3300 1171 3364 sola
1185 3300 1356 3379 eleccione,

369 3402 510 3467 secundo
528 3401 771 3487 preparacione
794 3410 827 3464 et
849 3404 949 3466 tercio
971 3407 1271 3491 compaginacione.
1304 3407 1357 3473 Sic
1379 3434 1396 3463 -·

369 3528 449 3573 sane
472 3509 567 3570 multi
588 3507 653 3570 iam
669 3516 745 3570 sunt
760 3506 906 3570 membra
923 3506 1046 3571 Christi
1058 3510 1356 3594 predestinacione,
1403 3522 1407 3528 ’
1506 3522 1511 3530 ’

371 3611 505 3676 necdum
536 3623 644 3676 tamen
667 3612 929 3693 preparacione,-
960 3614 1055 3678 multi
1089 3634 1164 3680 nero
1190 3634 1356 3699 prepara·

328 3716 542 3797 cocione,sed
552 3716 691 3780 necdum
709 3725 816 3778 tamen
833 3720 1138 3802 concorporacione.
1150 3720 1357 3807 Augustinus

370 3839 441 3882 cnm
463 3819 570 3885 adbuc
588 3821 729 3907 infidelis
745 3831 835 3904 esset,
850 3822 1026 3887 secundnm
1039 3825 1355 3908 predestinacionem

410 4004 433 4044 4„
447 3989 473 4036 ln
487 3989 570 4036 codd:
585 4003 630 4048 qne
644 3989 759 4047 corporis.
823 4002 850 4036 n.
865 3991 912 4037 An
927 3994 1000 4047 (man.
1014 3997 1071 4049 rec)
1084 3993 1108 4041 ln
1122 4009 1195 4052 marg.
1203 4011 1210 4041 ι
1224 3995 1356 4073 blembmm

930 4062 1136 4118 predestlneclone

369 4128 438 4175 cmi»
439 4128 456 4174 ti
474 4128 502 4184 (B
521 4129 590 4175 idda
613 4129 711 4174 ecclesie
731 4128 875 4186 triplicium
895 4102 1097 4221 <preparacione
1172 4134 1261 4190 (Belem
1279 4136 1356 4195 1³8⁸),

931 4203 1150 4260 concorponelone

368 4267 463 4313 Bmsn
479 4274 566 4313 recent.
582 4268 605 4313 ln
620 4278 708 4326 marm:
726 4266 858 4315 membrum
877 4269 966 4316 scillcet
979 4272 1109 4320 emendum
1122 4274 1285 4322 hebitudinem
1297 4277 1355 4322 elus.

367 4336 453 4382 Anto
468 4335 667 4396 msrsst'lrlplex
681 4336 825 4394 membrum
840 4338 1083 4399 Alumerssnblote.
1152 4344 1356 4403 sablonum

367 4405 514 4465 Exemplum.
580 4420 584 4427 ·
623 4407 658 4452 ab.
672 4406 827 4453 Aristode
843 4408 985 4465 lignamen
1117 4414 1355 4474 ennianum

368 4474 516 4535 Exemplum.
739 4498 743 4506 ·
