3262 5226
298 337 345 423 4⁶
839 350 1007 404 tonsurus
1024 351 1176 406 wrcnrr.
1395 331 1515 424 [canu.

301 524 324 569 Α
338 521 433 579 gesem
449 529 508 567 rma
518 508 720 592 diligendum
757 504 929 569 dominum
956 507 1067 571 Jesum
1101 507 1275 573 Christum.
1314 508 1356 572 Et
1392 508 1585 594 videtur134¹

301 578 511 725 Elff‘ffi‘h
519 612 631 678 multis
668 610 758 696 quod
796 607 874 672 fides
904 608 1037 674 confusa
1069 611 1108 674 de
1147 611 1297 675 oracione
1329 627 1515 679 sanctorum

301 734 359 777 ιιιιι
380 731 509 778 castorea
520 717 657 797 unicius,
669 728 701 778 et
714 733 772 799 per
785 733 994 798 consequens,
1010 713 1177 797 intencius,
1196 713 1338 780 securius
1352 732 1383 781 et
1399 717 1514 781 melius

337 786 478 881 ’Ἥω
520 821 681 906 colligeret
713 816 747 881 in
779 816 966 882 christicolis
1003 817 1101 883 fidem
1141 817 1259 884 Christi
1297 841 1396 906 quam
1426 836 1514 886 tanta
1528 812 1585 904 ¹3l⁴

520 924 667 1010 explicita
685 923 705 962 ⁴*
724 921 942 1006 multiplicitas
968 937 1152 988 sauctorum
1174 922 1208 987 in
1230 923 1297 987 dies
1322 922 1539 995 introductas

523 1028 574 1093 Sic
610 1027 697 1092 enim
732 1024 866 1092 conluse
902 1026 1128 1110 cognoscimus
1162 1028 1202 1091 de
1239 1029 1384 1114 quolibet
1420 1030 1514 1094 beato

521 1132 570 1195 vel
599 1133 787 1217 dampnato,
822 1130 958 1215 prestito
988 1131 1039 1195 vel
1074 1130 1291 1217 predestinato
1324 1134 1414 1218 quod
1446 1134 1514 1220 ipse

521 1250 568 1301 est
588 1235 785 1317 huiusmodi,
810 1253 886 1298 curn
910 1254 973 1320 qua
995 1234 1131 1300 confusa
1153 1234 1272 1300 noticia
1293 1251 1355 1302 stat
1369 1237 1515 1303 dubietas

520 1339 724 1425 particularis,
762 1353 794 1405 et
830 1337 1026 1425 ignorancia'
1044 1360 1120 1403 cum
1146 1339 1297 1406 distincta
1328 1341 1447 1406 noticia
1473 1343 1513 1406 de

521 1443 701 1510 communi:
724 1467 761 1509 ex
783 1445 837 1509 tali
855 1444 961 1531 itaque
981 1444 1228 1511 canonizacione
1247 1445 1416 1532 multiplici
1431 1446 1515 1512 ultra
1526 1477 1559 1515 ιο

521 1550 617 1614 ritum
638 1549 751 1613 veteris
788 1549 967 1614 testamenti
990 1565 1022 1615 et
1053 1564 1161 1615 nostre
1193 1550 1352 1636 primitive
1384 1551 1515 1616 ecclesie

521 1655 697 1718 secundum
719 1667 842 1739 partem
863 1655 991 1738 prodest
1013 1668 1046 1719 et
1067 1655 1248 1718 secundum
1261 1669 1387 1740 partem
1404 1655 1515 1739 obest;

521 1773 552 1823 et
571 1758 739 1823 verisimile
762 1772 810 1822 est
831 1758 940 1822 multis
961 1760 1052 1843 quod
1080 1758 1154 1844 plus
1176 1772 1283 1840 nocet,
1305 1780 1381 1823 cum
1403 1757 1514 1824 multi·

522 1863 599 1926 tudo
629 1862 708 1926 ritus
739 1862 854 1927 tollens
884 1861 1061 1928 libertatem
1083 1862 1214 1928 ecclesie
1241 1877 1290 1928 est
1310 1884 1407 1947 eausa
1428 1863 1513 1927 mul·

521 1980 627 2030 torum
657 1987 811 2032 errorum
850 1968 892 2032 Et
920 1966 1028 2032 omnis
1058 1967 1130 2032 talis
1159 1980 1288 2032 sanctus
1320 1980 1424 2031 oraret
1453 1987 1514 2052 pro
1527 1975 1557 2030 ι5

523 2070 613 2134 nobis
644 2069 813 2153 efficacius,
847 2071 1015 2157 supposito
1047 2072 1136 2157 quod
1170 2071 1304 2136 dimisso
1334 2071 1424 2136 cultu
1452 2091 1513 2135 suo

522 2175 721 2261 diligeremus
743 2175 881 2261 amplius
902 2177 1009 2242 lesum
1033 2190 1191 2242 nostrum.
1215 2175 1309 2241 Multi
1332 2175 1420 2239 enim
1439 2188 1515 2239 sunt

522 2280 617 2344 sancti
646 2280 739 2345 nobis
766 2280 919 2366 incogniti
955 2281 1150 2346 canonizatis
1173 2282 1333 2346 beaciores
1360 2281 1417 2366 qui
1439 2279 1514 2365 plus

522 2398 655 2468 prosunt
677 2384 771 2450 nobis
793 2386 914 2449 orando
936 2404 1035 2470 quam
1049 2385 1125 2450 dicti
1147 2384 1247 2449 sancti
1268 2405 1410 2470 quorum
1433 2382 1513 2449 lesta

524 2489 698 2554 devocione
713 2488 891 2573 particulari
908 2489 1112 2573 percolimus,
1128 2510 1202 2554 cum
1213 2490 1393 2554 secundum
1408 2488 1512 2573 digni·
1523 2516 1558 2554 so

522 2607 618 2659 tatem
640 2592 853 2659 elemosinarii
884 2593 984 2678 prosit
1014 2592 1121 2658 oracio
1152 2609 1339 2659 sanctorum
1361 2592 1417 2678 qui
1439 2593 1513 2678 plus

522 2698 656 2783 diligunt
678 2720 734 2762 eos
756 2697 812 2783 qui
835 2696 935 2782 magis
957 2698 1094 2783 diligunt
1117 2698 1224 2763 Deum
1246 2718 1353 2762 suurn.
1522 2709 1554 2764 R

301 2815 409 2862 Mate·
427 2813 514 2871 psalm
567 2803 627 2867 Est
649 2817 680 2868 et
701 2802 786 2867 aliud
809 2803 932 2867 malum
954 2803 1093 2884 ecclesie,
1116 2804 1205 2888 quod
1220 2802 1399 2889 superiores
1414 2800 1515 2867 nostri

301 2868 595 3016 affiat‘ffiiio'eznplus
631 2908 760 2992 exigunt
798 2922 834 2971 ut
868 2908 1011 2971 credatur
1052 2908 1118 2971 suis
1155 2907 1447 2991 approbacionibus
1485 2919 1516 2970 et

357 3023 467 3069 curisve
524 3012 802 3095 reprobacionibus
825 3012 858 3074 in
880 3011 1000 3075 cunctis
1021 3011 1085 3075 suis
1106 3011 1241 3094 iudiciis,
1263 3032 1363 3096 quarn
1383 3010 1559 3094 exiguntas

524 3131 559 3180 ut
580 3116 725 3180 credatur
739 3114 817 3179 fides
832 3136 918 3178 sacre
932 3114 1086 3199 scripture
1106 3135 1170 3200 que
1190 3129 1237 3179 est
1252 3113 1331 3178 fides
1346 3114 1513 3195 catholica,

524 3235 554 3284 et
576 3220 649 3304 plus
664 3232 896 3304 persequuntur
911 3240 969 3304 pro
984 3219 1205 3304 completione
1220 3240 1352 3283 suarum
1368 3218 1515 3283 tradicio·

525 3345 613 3405 num,
637 3322 801 3407 puniendo
824 3323 1091 3388 contravenientes
1107 3324 1259 3407 asperius,
1280 3345 1381 3409 quam
1396 3321 1517 3386 iaciunt

526 3443 635 3491 contra
657 3427 911 3512 blasphemantes
933 3426 965 3490 in
988 3428 1176 3512 precipuam
1198 3427 1297 3492 fidem
1319 3426 1449 3508 Christi,
1472 3426 1517 3490 sic

526 3532 613 3616 quod
644 3531 684 3594 de
715 3530 759 3594 eis
789 3531 851 3594 dici
882 3544 987 3615 potest
1018 3532 1097 3594 illud
1127 3531 1245 3595 Psalmi
1268 3528 1346 3613 ΧΠ,
1374 3548 1426 3596 ro:
1454 3531 1519 3609 Qui
1529 3541 1562 3594 30

526 3635 638 3698 edebat
655 3654 761 3717 panes
784 3654 874 3699 meos
897 3635 1116 3720 magnificavit
1137 3656 1304 3719 superma
1325 3636 1518 3720 supplanta·

526 3741 659 3803 cionem.
675 3738 896 3823 voluptuosus
915 3739 1034 3824 quippe
1055 3739 1217 3824 presidens
1239 3741 1299 3805 sub
1319 3740 1417 3825 pallio
1431 3739 1519 3823 pacis

527 3842 655 3906 ecclesie
692 3841 795 3927 querit
831 3843 915 3906 bona
950 3864 1131 3929 pauperum
1168 3865 1230 3929 que
1267 3857 1344 3908 sunt
1379 3857 1518 3908 autono-

571 4021 591 4054 π.
605 4009 624 4054 B
639 4011 663 4055 ln
678 4023 756 4067 marg:
777 4009 812 4057 ue
826 4012 937 4057 orselone
954 4021 1100 4059 sanctorum.
1216 4012 1249 4058 23.
1265 4011 1282 4055 Β
1296 4013 1321 4056 ln
1336 4022 1415 4066 marga
1434 4011 1519 4058 Prelstl

527 4080 622 4136 exigunt
646 4079 710 4138 qnod
732 4080 783 4125 suls
808 4081 934 4127 untenells
958 4081 1097 4127 sdhibestur
1122 4081 1181 4126 fides
1205 4092 1306 4138 querum
1331 4086 1521 4135 transgressores

529 4150 682 4194 vehementer
696 4151 802 4207 puniunt.
870 4151 906 4199 28.
918 4149 948 4196 lis
964 4151 1099 4208 punientes.
1162 4147 1193 4195 31.
1207 4150 1225 4194 B
1239 4148 1263 4194 ln
1279 4159 1359 4204 msrgs
1374 4147 1422 4205 Qul
1436 4150 1521 4195 edebat

527 4231 601 4277 panes
615 4230 683 4266 meos
697 4220 854 4275 magnlficssit
868 4232 939 4279 snper
952 4234 1000 4272 me.
1062 4218 1096 4266 32.
1110 4218 1141 4265 B:
1157 4218 1321 4278 voluptuosus
1336 4241 1359 4253 ·-
1375 4216 1463 4263 Chrlstl
1476 4226 1524 4263 ste.

527 4288 619 4335 deust
