<?xml version="1.0" encoding="UTF-8"?>
<!DOCTYPE html PUBLIC "-//W3C//DTD XHTML 1.0 Transitional//EN"
    "http://www.w3.org/TR/xhtml1/DTD/xhtml1-transitional.dtd">
<html xmlns="http://www.w3.org/1999/xhtml" xml:lang="en" lang="en">
 <head>
  <title>
</title>
<meta http-equiv="Content-Type" content="text/html;charset=utf-8" />
  <meta name='ocr-system' content='tesseract 3.04.00' />
  <meta name='ocr-capabilities' content='ocr_page ocr_carea ocr_par ocr_line ocrx_word'/>
</head>
<body>
  <div class='ocr_page' id='page_1' title='image "./iohanniswyclift00mattgoog_0416.png"; bbox 0 0 3262 5226; ppageno 0'>
   <div class='ocr_carea' id='block_1_1' title="bbox 694 456 1363 551">
    <p class='ocr_par' dir='ltr' id='par_1_1' title="bbox 694 456 1363 551">
     <span class='ocr_line' id='line_1_1' title="bbox 694 456 1363 551; baseline -0.009 -8"><span class='ocrx_word' id='word_1_1' title='bbox 694 486 867 543; x_wconf 75' lang='lat' dir='ltr'><strong>ronanus</strong></span> <span class='ocrx_word' id='word_1_2' title='bbox 881 482 1030 540; x_wconf 79' lang='lat' dir='ltr'><strong>wrcrrr.</strong></span> <span class='ocrx_word' id='word_1_3' title='bbox 1083 520 1092 536; x_wconf 92' lang='lat'><strong>.</strong></span> <span class='ocrx_word' id='word_1_4' title='bbox 1203 456 1286 551; x_wconf 72' lang='lat' dir='ltr'><strong>[cae.</strong></span> <span class='ocrx_word' id='word_1_5' title='bbox 1300 470 1363 519; x_wconf 66' lang='lat' dir='ltr'><strong>m</strong></span> 
     </span>
    </p>
   </div>
   <div class='ocr_carea' id='block_1_2' title="bbox 160 638 1477 2296">
    <p class='ocr_par' dir='ltr' id='par_1_2' title="bbox 160 638 1477 2296">
     <span class='ocr_line' id='line_1_2' title="bbox 381 638 1477 731; baseline -0.007 -20"><span class='ocrx_word' id='word_1_6' title='bbox 381 646 468 711; x_wconf 83' lang='lat' dir='ltr'><strong>dicta</strong></span> <span class='ocrx_word' id='word_1_7' title='bbox 488 656 538 711; x_wconf 85' lang='lat' dir='ltr'><strong>est</strong></span> <span class='ocrx_word' id='word_1_8' title='bbox 556 662 580 709; x_wconf 80' lang='lat' dir='ltr'><strong>a</strong></span> <span class='ocrx_word' id='word_1_9' title='bbox 594 644 735 710; x_wconf 62' lang='lat' dir='ltr'><strong>Daakle</strong></span> <span class='ocrx_word' id='word_1_10' title='bbox 748 642 912 731; x_wconf 63' lang='lat' dir='ltr'><strong>prophta</strong></span> <span class='ocrx_word' id='word_1_11' title='bbox 931 648 1068 707; x_wconf 78' lang='lat' dir='ltr'><strong>stantem</strong></span> <span class='ocrx_word' id='word_1_12' title='bbox 1090 640 1124 705; x_wconf 86' lang='lat' dir='ltr'><strong>in</strong></span> <span class='ocrx_word' id='word_1_13' title='bbox 1139 638 1217 703; x_wconf 82' lang='lat' dir='ltr'><strong>‘loco</strong></span> <span class='ocrx_word' id='word_1_14' title='bbox 1237 644 1477 711; x_wconf 65' lang='lat' dir='ltr'><strong>sauclatur?</strong></span> 
     </span>
     <span class='ocr_line' id='line_1_3' title="bbox 380 740 1364 831; baseline -0.012 -16"><span class='ocrx_word' id='word_1_15' title='bbox 380 750 468 816; x_wconf 74' lang='lat' dir='ltr'><strong>suut</strong></span> <span class='ocrx_word' id='word_1_16' title='bbox 489 749 605 815; x_wconf 88' lang='lat' dir='ltr'><strong>dicitnr</strong></span> <span class='ocrx_word' id='word_1_17' title='bbox 622 748 720 815; x_wconf 83' lang='lat' dir='ltr'><strong>Marci</strong></span> <span class='ocrx_word' id='word_1_18' title='bbox 741 746 827 831; x_wconf 86' lang='lat' dir='ltr'><strong>xur,</strong></span> <span class='ocrx_word' id='word_1_19' title='bbox 854 764 904 830; x_wconf 75' lang='lat'><strong>¹4·</strong></span> <span class='ocrx_word' id='word_1_20' title='bbox 923 754 1062 811; x_wconf 77' lang='lat' dir='ltr'><strong>nentem</strong></span> <span class='ocrx_word' id='word_1_21' title='bbox 1085 744 1142 809; x_wconf 78' lang='lat' dir='ltr'><strong>ali</strong></span> <span class='ocrx_word' id='word_1_22' title='bbox 1170 762 1234 807; x_wconf 82' lang='lat' dir='ltr'><strong>non</strong></span> <span class='ocrx_word' id='word_1_23' title='bbox 1257 740 1364 806; x_wconf 80' lang='lat' dir='ltr'><strong>delet:</strong></span> 
     </span>
     <span class='ocr_line' id='line_1_4' title="bbox 381 846 1361 941; baseline -0.011 -22"><span class='ocrx_word' id='word_1_24' title='bbox 381 854 440 940; x_wconf 80' lang='lat' dir='ltr'><strong>qul</strong></span> <span class='ocrx_word' id='word_1_25' title='bbox 478 854 568 941; x_wconf 72' lang='lat' dir='ltr'><strong>legit,</strong></span> <span class='ocrx_word' id='word_1_26' title='bbox 603 852 720 941; x_wconf 79' lang='lat' dir='ltr'><strong>inquit,</strong></span> <span class='ocrx_word' id='word_1_27' title='bbox 755 850 926 939; x_wconf 67' lang='lat' dir='ltr'><strong>intelligat.</strong></span> <span class='ocrx_word' id='word_1_28' title='bbox 948 848 1011 917; x_wconf 84' lang='lat' dir='ltr'><strong>Sed</strong></span> <span class='ocrx_word' id='word_1_29' title='bbox 1036 848 1133 914; x_wconf 93' lang='lat' dir='ltr'><strong>credo</strong></span> <span class='ocrx_word' id='word_1_30' title='bbox 1169 846 1257 934; x_wconf 92' lang='lat' dir='ltr'><strong>quod</strong></span> <span class='ocrx_word' id='word_1_31' title='bbox 1294 853 1361 909; x_wconf 88' lang='lat' dir='ltr'><strong>non</strong></span> 
     </span>
     <span class='ocr_line' id='line_1_5' title="bbox 380 954 1008 1041; baseline -0.005 -19"><span class='ocrx_word' id='word_1_32' title='bbox 380 957 488 1025; x_wconf 85' lang='lat' dir='ltr'><strong>veniet</strong></span> <span class='ocrx_word' id='word_1_33' title='bbox 507 956 671 1023; x_wconf 68' lang='lat' dir='ltr'><strong>deonna</strong></span> <span class='ocrx_word' id='word_1_34' title='bbox 691 956 734 1023; x_wconf 88' lang='lat' dir='ltr'><strong>ad</strong></span> <span class='ocrx_word' id='word_1_35' title='bbox 754 954 841 1021; x_wconf 83' lang='lat' dir='ltr'><strong>ltunc</strong></span> <span class='ocrx_word' id='word_1_36' title='bbox 862 954 1008 1041; x_wconf 72' lang='lat' dir='ltr'><strong>gradum.</strong></span> 
     </span>
     <span class='ocr_line' id='line_1_6' title="bbox 282 1055 1400 1148; baseline -0.011 -20"><span class='ocrx_word' id='word_1_37' title='bbox 282 1077 337 1125; x_wconf 77' lang='lat' dir='ltr'><strong>ress</strong></span> <span class='ocrx_word' id='word_1_38' title='bbox 423 1062 570 1147; x_wconf 84' lang='lat' dir='ltr'><strong>Septimo</strong></span> <span class='ocrx_word' id='word_1_39' title='bbox 591 1060 806 1148; x_wconf 67' lang='lat' dir='ltr'>principaliter</span> <span class='ocrx_word' id='word_1_40' title='bbox 826 1079 872 1126; x_wconf 87' lang='lat' dir='ltr'><strong>stc</strong></span> <span class='ocrx_word' id='word_1_41' title='bbox 892 1057 1048 1143; x_wconf 73' lang='lat' dir='ltr'><strong>arguitur:</strong></span> <span class='ocrx_word' id='word_1_42' title='bbox 1082 1055 1213 1121; x_wconf 77' lang='lat' dir='ltr'>Domini</span> <span class='ocrx_word' id='word_1_43' title='bbox 1235 1064 1400 1139; x_wconf 75' lang='lat' dir='ltr'><strong>tempo-Q</strong></span> 
     </span>
     <span class='ocr_line' id='line_1_7' title="bbox 175 1142 1360 1250; baseline -0.007 -21"><span class='ocrx_word' id='word_1_44' title='bbox 175 1142 355 1229; x_wconf 62' lang='lat' dir='ltr'><strong>«ii-mid</strong></span> <span class='ocrx_word' id='word_1_45' title='bbox 380 1166 461 1231; x_wconf 75' lang='lat' dir='ltr'><strong>reles</strong></span> <span class='ocrx_word' id='word_1_46' title='bbox 481 1165 579 1231; x_wconf 70' lang='lat' dir='ltr'><strong>libere</strong></span> <span class='ocrx_word' id='word_1_47' title='bbox 600 1164 793 1231; x_wconf 71' lang='lat' dir='ltr'><strong>transierunt</strong></span> <span class='ocrx_word' id='word_1_48' title='bbox 813 1164 863 1230; x_wconf 86' lang='lat' dir='ltr'><strong>ius</strong></span> <span class='ocrx_word' id='word_1_49' title='bbox 886 1162 976 1250; x_wconf 91' lang='lat' dir='ltr'><strong>quod</strong></span> <span class='ocrx_word' id='word_1_50' title='bbox 991 1160 1109 1227; x_wconf 84' lang='lat' dir='ltr'><strong>habent</strong></span> <span class='ocrx_word' id='word_1_51' title='bbox 1129 1160 1170 1226; x_wconf 86' lang='lat' dir='ltr'><strong>ad</strong></span> <span class='ocrx_word' id='word_1_52' title='bbox 1184 1181 1241 1225; x_wconf 77' lang='lat' dir='ltr'><strong>cua</strong></span> <span class='ocrx_word' id='word_1_53' title='bbox 1255 1159 1360 1223; x_wconf 83' lang='lat' dir='ltr'><strong>domi·</strong></span> 
     </span>
     <span class='ocr_line' id='line_1_8' title="bbox 160 1236 1363 1399; baseline -0.007 -63"><span class='ocrx_word' id='word_1_54' title='bbox 160 1236 239 1345; x_wconf 56' lang='grc' dir='ltr'><strong>,Ψις</strong></span> <span class='ocrx_word' id='word_1_55' title='bbox 248 1236 498 1399; x_wconf 40' lang='lat' dir='ltr'><strong>&amp;milk</strong></span> <span class='ocrx_word' id='word_1_56' title='bbox 528 1289 614 1336; x_wconf 90' lang='lat' dir='ltr'><strong>nunc</strong></span> <span class='ocrx_word' id='word_1_57' title='bbox 643 1268 677 1337; x_wconf 91' lang='lat' dir='ltr'><strong>in</strong></span> <span class='ocrx_word' id='word_1_58' title='bbox 710 1282 831 1335; x_wconf 84' lang='lat' dir='ltr'><strong>certam</strong></span> <span class='ocrx_word' id='word_1_59' title='bbox 860 1264 1126 1334; x_wconf 71' lang='lat' dir='ltr'><strong>communitatem</strong></span> <span class='ocrx_word' id='word_1_60' title='bbox 1156 1278 1189 1331; x_wconf 92' lang='lat' dir='ltr'><strong>et</strong></span> <span class='ocrx_word' id='word_1_61' title='bbox 1218 1264 1363 1330; x_wconf 90' lang='lat' dir='ltr'><strong>nuncin</strong></span> 
     </span>
     <span class='ocr_line' id='line_1_9' title="bbox 178 1338 1364 1462; baseline -0.005 -22"><span class='ocrx_word' id='word_1_62' title='bbox 178 1350 235 1389; x_wconf 59' lang='grc' dir='ltr'><strong>Μ</strong></span> <span class='ocrx_word' id='word_1_63' title='bbox 342 1338 354 1386; x_wconf 65' lang='lat'>²</span> <span class='ocrx_word' id='word_1_64' title='bbox 381 1394 481 1445; x_wconf 75' lang='lat' dir='ltr'><strong>unam</strong></span> <span class='ocrx_word' id='word_1_65' title='bbox 501 1394 684 1459; x_wconf 80' lang='lat' dir='ltr'><strong>personam,</strong></span> <span class='ocrx_word' id='word_1_66' title='bbox 706 1374 783 1462; x_wconf 84' lang='lat' dir='ltr'><strong>quie</strong></span> <span class='ocrx_word' id='word_1_67' title='bbox 803 1370 973 1439; x_wconf 74' lang='lat' dir='ltr'><strong>meletio</strong></span> <span class='ocrx_word' id='word_1_68' title='bbox 1003 1370 1080 1438; x_wconf 88' lang='lat' dir='ltr'><strong>iuris</strong></span> <span class='ocrx_word' id='word_1_69' title='bbox 1111 1369 1295 1455; x_wconf 83' lang='lat' dir='ltr'><strong>temporalis</strong></span> <span class='ocrx_word' id='word_1_70' title='bbox 1317 1383 1364 1434; x_wconf 89' lang='lat' dir='ltr'><strong>est</strong></span> 
     </span>
     <span class='ocr_line' id='line_1_10' title="bbox 380 1473 1362 1562; baseline -0.003 -20"><span class='ocrx_word' id='word_1_71' title='bbox 380 1477 533 1547; x_wconf 70' lang='lat' dir='ltr'><strong>inerrans</strong></span> <span class='ocrx_word' id='word_1_72' title='bbox 554 1492 706 1560; x_wconf 64' lang='grc' dir='ltr'><strong>(ταωνι,</strong></span> <span class='ocrx_word' id='word_1_73' title='bbox 728 1476 869 1545; x_wconf 79' lang='lat' dir='ltr'><strong>nolentis</strong></span> <span class='ocrx_word' id='word_1_74' title='bbox 889 1476 937 1542; x_wconf 89' lang='lat' dir='ltr'><strong>uti</strong></span> <span class='ocrx_word' id='word_1_75' title='bbox 951 1476 1003 1541; x_wconf 84' lang='lat' dir='ltr'><strong>vel</strong></span> <span class='ocrx_word' id='word_1_76' title='bbox 1021 1496 1090 1541; x_wconf 84' lang='lat' dir='ltr'><strong>esse</strong></span> <span class='ocrx_word' id='word_1_77' title='bbox 1109 1475 1265 1562; x_wconf 85' lang='lat' dir='ltr'><strong>particeps</strong></span> <span class='ocrx_word' id='word_1_78' title='bbox 1286 1473 1362 1539; x_wconf 85' lang='lat' dir='ltr'><strong>altc-</strong></span> 
     </span>
     <span class='ocr_line' id='line_1_11' title="bbox 380 1577 1407 1668; baseline -0.008 -21"><span class='ocrx_word' id='word_1_79' title='bbox 380 1582 446 1649; x_wconf 86' lang='lat' dir='ltr'><strong>rius</strong></span> <span class='ocrx_word' id='word_1_80' title='bbox 476 1581 547 1649; x_wconf 82' lang='lat' dir='ltr'><strong>talis</strong></span> <span class='ocrx_word' id='word_1_81' title='bbox 576 1581 664 1668; x_wconf 78' lang='lat' dir='ltr'><strong>iuria,</strong></span> <span class='ocrx_word' id='word_1_82' title='bbox 695 1584 752 1649; x_wconf 81' lang='lat' dir='ltr'><strong>sed</strong></span> <span class='ocrx_word' id='word_1_83' title='bbox 778 1582 812 1649; x_wconf 92' lang='lat' dir='ltr'><strong>in</strong></span> <span class='ocrx_word' id='word_1_84' title='bbox 842 1596 961 1648; x_wconf 78' lang='lat' dir='ltr'><strong>certem</strong></span> <span class='ocrx_word' id='word_1_85' title='bbox 982 1602 1154 1667; x_wconf 83' lang='lat' dir='ltr'><strong>personam</strong></span> <span class='ocrx_word' id='word_1_86' title='bbox 1174 1577 1365 1645; x_wconf 84' lang='lat' dir='ltr'><strong>translerunt</strong></span> <span class='ocrx_word' id='word_1_87' title='bbox 1376 1602 1407 1641; x_wconf 85' lang='grc' dir='ltr'><strong>ιο</strong></span> 
     </span>
     <span class='ocr_line' id='line_1_12' title="bbox 380 1684 1364 1775; baseline -0.001 -26"><span class='ocrx_word' id='word_1_88' title='bbox 380 1688 503 1773; x_wconf 83' lang='lat' dir='ltr'><strong>absque</strong></span> <span class='ocrx_word' id='word_1_89' title='bbox 522 1700 655 1775; x_wconf 84' lang='lat' dir='ltr'><strong>peccato</strong></span> <span class='ocrx_word' id='word_1_90' title='bbox 675 1709 734 1753; x_wconf 85' lang='lat' dir='ltr'><strong>sua</strong></span> <span class='ocrx_word' id='word_1_91' title='bbox 759 1686 913 1770; x_wconf 79' lang='lat' dir='ltr'><strong>dominia,</strong></span> <span class='ocrx_word' id='word_1_92' title='bbox 928 1688 1012 1771; x_wconf 76' lang='lat' dir='ltr'><strong>&#39;ergo</strong></span> <span class='ocrx_word' id='word_1_93' title='bbox 1033 1704 1091 1771; x_wconf 89' lang='lat' dir='ltr'><strong>per</strong></span> <span class='ocrx_word' id='word_1_94' title='bbox 1116 1684 1201 1749; x_wconf 90' lang='lat' dir='ltr'><strong>idem</strong></span> <span class='ocrx_word' id='word_1_95' title='bbox 1227 1697 1364 1769; x_wconf 87' lang='lat' dir='ltr'><strong>possunt</strong></span> 
     </span>
     <span class='ocr_line' id='line_1_13' title="bbox 379 1778 1361 1877; baseline -0.004 -22"><span class='ocrx_word' id='word_1_96' title='bbox 379 1791 501 1877; x_wconf 88' lang='lat' dir='ltr'><strong>absque</strong></span> <span class='ocrx_word' id='word_1_97' title='bbox 520 1805 653 1877; x_wconf 83' lang='lat' dir='ltr'><strong>peccato</strong></span> <span class='ocrx_word' id='word_1_98' title='bbox 676 1791 710 1857; x_wconf 90' lang='lat' dir='ltr'><strong>in</strong></span> <span class='ocrx_word' id='word_1_99' title='bbox 724 1790 955 1869; x_wconf 83' lang='lat' dir='ltr'><strong>communitate</strong></span> <span class='ocrx_word' id='word_1_100' title='bbox 978 1778 1143 1857; x_wconf 80' lang='lat' dir='ltr'><strong>translerre</strong></span> <span class='ocrx_word' id='word_1_101' title='bbox 1163 1788 1231 1854; x_wconf 88' lang='lat' dir='ltr'><strong>iura</strong></span> <span class='ocrx_word' id='word_1_102' title='bbox 1252 1787 1361 1853; x_wconf 76' lang='lat' dir='ltr'><strong>leuius·</strong></span> 
     </span>
     <span class='ocr_line' id='line_1_14' title="bbox 380 1894 1363 1978; baseline -0.004 -19"><span class='ocrx_word' id='word_1_103' title='bbox 380 1896 480 1962; x_wconf 86' lang='lat' dir='ltr'><strong>modi.</strong></span> <span class='ocrx_word' id='word_1_104' title='bbox 502 1896 565 1963; x_wconf 83' lang='lat' dir='ltr'><strong>Sed</strong></span> <span class='ocrx_word' id='word_1_105' title='bbox 586 1897 739 1963; x_wconf 82' lang='lat' dir='ltr'><strong>translnto</strong></span> <span class='ocrx_word' id='word_1_106' title='bbox 761 1894 830 1963; x_wconf 89' lang='lat' dir='ltr'><strong>iure</strong></span> <span class='ocrx_word' id='word_1_107' title='bbox 851 1896 884 1961; x_wconf 91' lang='lat' dir='ltr'><strong>in</strong></span> <span class='ocrx_word' id='word_1_108' title='bbox 915 1894 1179 1961; x_wconf 69' lang='lat' dir='ltr'><strong>communitatem</strong></span> <span class='ocrx_word' id='word_1_109' title='bbox 1210 1913 1271 1978; x_wconf 90' lang='lat' dir='ltr'><strong>pro</strong></span> <span class='ocrx_word' id='word_1_110' title='bbox 1301 1912 1363 1956; x_wconf 88' lang='lat' dir='ltr'><strong>suo</strong></span> 
     </span>
     <span class='ocr_line' id='line_1_15' title="bbox 379 1996 1362 2088; baseline -0.006 -22"><span class='ocrx_word' id='word_1_111' title='bbox 379 2014 535 2087; x_wconf 71' lang='lat' dir='ltr'><strong>pemetuo</strong></span> <span class='ocrx_word' id='word_1_112' title='bbox 552 2000 760 2087; x_wconf 76' lang='lat' dir='ltr'><strong>consequitur</strong></span> <span class='ocrx_word' id='word_1_113' title='bbox 772 2016 841 2067; x_wconf 89' lang='lat' dir='ltr'><strong>tam</strong></span> <span class='ocrx_word' id='word_1_114' title='bbox 855 2019 1057 2088; x_wconf 85' lang='lat' dir='ltr'><strong>perseverans</strong></span> <span class='ocrx_word' id='word_1_115' title='bbox 1072 1996 1266 2080; x_wconf 72' lang='lat' dir='ltr'><strong>dominacio,</strong></span> <span class='ocrx_word' id='word_1_116' title='bbox 1286 2018 1362 2083; x_wconf 76' lang='lat' dir='ltr'><strong>ergo</strong></span> 
     </span>
     <span class='ocr_line' id='line_1_16' title="bbox 378 2102 1406 2191; baseline -0.007 -22"><span class='ocrx_word' id='word_1_117' title='bbox 378 2119 442 2170; x_wconf 81' lang='lat' dir='ltr'><strong>stet</strong></span> <span class='ocrx_word' id='word_1_118' title='bbox 467 2106 734 2171; x_wconf 88' lang='lat' dir='ltr'><strong>communitntem</strong></span> <span class='ocrx_word' id='word_1_119' title='bbox 759 2105 874 2170; x_wconf 84' lang='lat' dir='ltr'><strong>habere</strong></span> <span class='ocrx_word' id='word_1_120' title='bbox 902 2120 1059 2191; x_wconf 89' lang='lat' dir='ltr'><strong>perpetuo</strong></span> <span class='ocrx_word' id='word_1_121' title='bbox 1087 2104 1148 2169; x_wconf 84' lang='lat' dir='ltr'><strong>tale</strong></span> <span class='ocrx_word' id='word_1_122' title='bbox 1170 2102 1361 2169; x_wconf 82' lang='lat' dir='ltr'><strong>dominium.</strong></span> <span class='ocrx_word' id='word_1_123' title='bbox 1375 2108 1406 2163; x_wconf 75' lang='lat'><strong>15</strong></span> 
     </span>
     <span class='ocr_line' id='line_1_17' title="bbox 209 2200 1362 2296; baseline -0.003 -21"><span class='ocrx_word' id='word_1_124' title='bbox 209 2242 323 2287; x_wconf 70' lang='lat' dir='ltr'><strong>Assem</strong></span> <span class='ocrx_word' id='word_1_125' title='bbox 424 2208 486 2273; x_wconf 81' lang='lat' dir='ltr'><strong>Hic</strong></span> <span class='ocrx_word' id='word_1_126' title='bbox 506 2208 590 2291; x_wconf 87' lang='lat' dir='ltr'><strong>dico,</strong></span> <span class='ocrx_word' id='word_1_127' title='bbox 609 2208 717 2295; x_wconf 88' lang='lat' dir='ltr'><strong>primo</strong></span> <span class='ocrx_word' id='word_1_128' title='bbox 738 2211 828 2296; x_wconf 85' lang='lat' dir='ltr'><strong>quod</strong></span> <span class='ocrx_word' id='word_1_129' title='bbox 843 2208 1008 2276; x_wconf 80' lang='lat' dir='ltr'><strong>conclusio</strong></span> <span class='ocrx_word' id='word_1_130' title='bbox 1024 2200 1160 2273; x_wconf 72' lang='lat' dir='ltr'><strong>deducti</strong></span> <span class='ocrx_word' id='word_1_131' title='bbox 1180 2221 1226 2273; x_wconf 83' lang='lat' dir='ltr'><strong>est</strong></span> <span class='ocrx_word' id='word_1_132' title='bbox 1247 2228 1362 2273; x_wconf 92' lang='lat' dir='ltr'><strong>conce·</strong></span> 
     </span>
    </p>
   </div>
   <div class='ocr_carea' id='block_1_3' title="bbox 159 2302 1362 2455">
    <p class='ocr_par' dir='ltr' id='par_1_3' title="bbox 159 2302 1362 2455">
     <span class='ocr_line' id='line_1_18' title="bbox 159 2302 1362 2455; baseline -0.003 -75"><span class='ocrx_word' id='word_1_133' title='bbox 159 2344 198 2391; x_wconf 75' lang='lat' dir='ltr'><strong>et·</strong></span> <span class='ocrx_word' id='word_1_134' title='bbox 225 2302 482 2455; x_wconf 46' lang='lat' dir='ltr'><strong>Qffissdenda</strong></span> <span class='ocrx_word' id='word_1_135' title='bbox 515 2315 556 2378; x_wconf 92' lang='lat' dir='ltr'><strong>de</strong></span> <span class='ocrx_word' id='word_1_136' title='bbox 586 2312 818 2379; x_wconf 85' lang='lat' dir='ltr'><strong>communitate</strong></span> <span class='ocrx_word' id='word_1_137' title='bbox 848 2313 931 2379; x_wconf 85' lang='lat' dir='ltr'><strong>civili</strong></span> <span class='ocrx_word' id='word_1_138' title='bbox 963 2334 1028 2401; x_wconf 87' lang='lat' dir='ltr'><strong>quc</strong></span> <span class='ocrx_word' id='word_1_139' title='bbox 1057 2326 1106 2377; x_wconf 87' lang='lat' dir='ltr'><strong>est</strong></span> <span class='ocrx_word' id='word_1_140' title='bbox 1135 2332 1233 2397; x_wconf 80' lang='lat' dir='ltr'><strong>capax</strong></span> <span class='ocrx_word' id='word_1_141' title='bbox 1264 2311 1362 2377; x_wconf 80' lang='lat' dir='ltr'><strong>civilis</strong></span> 
     </span>
    </p>
   </div>
   <div class='ocr_carea' id='block_1_4' title="bbox 171 2406 1364 2512">
    <p class='ocr_par' dir='ltr' id='par_1_4' title="bbox 171 2406 1364 2512">
     <span class='ocr_line' id='line_1_19' title="bbox 171 2406 1364 2512; baseline -0.001 -29"><span class='ocrx_word' id='word_1_142' title='bbox 171 2448 228 2495; x_wconf 62' lang='lat' dir='ltr'><strong>m</strong></span> <span class='ocrx_word' id='word_1_143' title='bbox 242 2406 527 2512; x_wconf 48' lang='grc' dir='ltr'><strong>1,ηρπῌζίἱοιιιὶιιίᾓ</strong></span> <span class='ocrx_word' id='word_1_144' title='bbox 549 2432 586 2483; x_wconf 92' lang='lat' dir='ltr'><strong>ut</strong></span> <span class='ocrx_word' id='word_1_145' title='bbox 606 2432 694 2503; x_wconf 85' lang='lat' dir='ltr'><strong>patet</strong></span> <span class='ocrx_word' id='word_1_146' title='bbox 715 2418 756 2482; x_wconf 84' lang='lat' dir='ltr'><strong>de</strong></span> <span class='ocrx_word' id='word_1_147' title='bbox 789 2418 899 2484; x_wconf 86' lang='lat' dir='ltr'><strong>multis</strong></span> <span class='ocrx_word' id='word_1_148' title='bbox 929 2416 1215 2484; x_wconf 76' lang='lat' dir='ltr'><strong>communitatibus</strong></span> <span class='ocrx_word' id='word_1_149' title='bbox 1245 2416 1364 2484; x_wconf 85' lang='lat' dir='ltr'><strong>civium</strong></span> 
     </span>
    </p>
   </div>
   <div class='ocr_carea' id='block_1_5' title="bbox 179 2500 1408 3860">
    <p class='ocr_par' dir='ltr' id='par_1_5' title="bbox 179 2500 1408 2715">
     <span class='ocr_line' id='line_1_20' title="bbox 179 2500 1363 2608; baseline 0 -22"><span class='ocrx_word' id='word_1_150' title='bbox 179 2500 358 2604; x_wconf 48' lang='lat' dir='ltr'><strong>2232?ssss</strong></span> <span class='ocrx_word' id='word_1_151' title='bbox 380 2541 444 2607; x_wconf 91' lang='lat' dir='ltr'><strong>que</strong></span> <span class='ocrx_word' id='word_1_152' title='bbox 465 2521 548 2587; x_wconf 92' lang='lat' dir='ltr'><strong>licite</strong></span> <span class='ocrx_word' id='word_1_153' title='bbox 570 2521 701 2588; x_wconf 83' lang='lat' dir='ltr'><strong>ciuiliter</strong></span> <span class='ocrx_word' id='word_1_154' title='bbox 722 2521 938 2590; x_wconf 85' lang='lat' dir='ltr'><strong>dominantur.</strong></span> <span class='ocrx_word' id='word_1_155' title='bbox 961 2522 1024 2587; x_wconf 88' lang='lat' dir='ltr'><strong>Sed</strong></span> <span class='ocrx_word' id='word_1_156' title='bbox 1039 2522 1152 2608; x_wconf 91' lang='lat' dir='ltr'><strong>procul</strong></span> <span class='ocrx_word' id='word_1_157' title='bbox 1167 2522 1230 2588; x_wconf 82' lang='lat' dir='ltr'><strong>hoc</strong></span> <span class='ocrx_word' id='word_1_158' title='bbox 1252 2524 1293 2586; x_wconf 86' lang='lat' dir='ltr'><strong>ad</strong></span> <span class='ocrx_word' id='word_1_159' title='bbox 1314 2521 1363 2587; x_wconf 92' lang='lat' dir='ltr'><strong>in·</strong></span> 
     </span>
     <span class='ocr_line' id='line_1_21' title="bbox 216 2614 1408 2715; baseline 0.001 -27"><span class='ocrx_word' id='word_1_160' title='bbox 216 2614 319 2670; x_wconf 57' lang='lat' dir='ltr'><strong>mii·</strong></span> <span class='ocrx_word' id='word_1_161' title='bbox 381 2623 547 2691; x_wconf 90' lang='lat' dir='ltr'><strong>lerendum</strong></span> <span class='ocrx_word' id='word_1_162' title='bbox 569 2627 658 2713; x_wconf 91' lang='lat' dir='ltr'><strong>quod</strong></span> <span class='ocrx_word' id='word_1_163' title='bbox 681 2626 794 2693; x_wconf 92' lang='lat' dir='ltr'><strong>clerico</strong></span> <span class='ocrx_word' id='word_1_164' title='bbox 817 2626 865 2714; x_wconf 82' lang='lat' dir='ltr'><strong>(in</strong></span> <span class='ocrx_word' id='word_1_165' title='bbox 888 2640 1044 2713; x_wconf 87' lang='lat' dir='ltr'><strong>quantum</strong></span> <span class='ocrx_word' id='word_1_166' title='bbox 1071 2624 1271 2715; x_wconf 88' lang='lat' dir='ltr'><strong>huiusmodi)</strong></span> <span class='ocrx_word' id='word_1_167' title='bbox 1293 2628 1408 2694; x_wconf 73' lang='lat' dir='ltr'><strong>licetne</strong></span> 
     </span>
    </p>

    <p class='ocr_par' dir='ltr' id='par_1_6' title="bbox 381 2729 1363 2818">
     <span class='ocr_line' id='line_1_22' title="bbox 381 2729 1363 2818; baseline 0.003 -25"><span class='ocrx_word' id='word_1_168' title='bbox 381 2729 537 2794; x_wconf 86' lang='lat' dir='ltr'><strong>dominari</strong></span> <span class='ocrx_word' id='word_1_169' title='bbox 559 2730 700 2814; x_wconf 83' lang='lat' dir='ltr'><strong>civiliter,</strong></span> <span class='ocrx_word' id='word_1_170' title='bbox 722 2747 754 2798; x_wconf 91' lang='lat' dir='ltr'><strong>et</strong></span> <span class='ocrx_word' id='word_1_171' title='bbox 784 2732 889 2798; x_wconf 88' lang='lat' dir='ltr'><strong>multo</strong></span> <span class='ocrx_word' id='word_1_172' title='bbox 920 2730 1130 2818; x_wconf 80' lang='lat' dir='ltr'><strong>periculosius</strong></span> <span class='ocrx_word' id='word_1_173' title='bbox 1161 2730 1243 2797; x_wconf 92' lang='lat' dir='ltr'><strong>loret</strong></span> <span class='ocrx_word' id='word_1_174' title='bbox 1272 2753 1363 2797; x_wconf 91' lang='lat' dir='ltr'><strong>com·</strong></span> 
     </span>
    </p>

    <p class='ocr_par' dir='ltr' id='par_1_7' title="bbox 382 2835 1364 2920">
     <span class='ocr_line' id='line_1_23' title="bbox 382 2835 1364 2920; baseline 0.005 -25"><span class='ocrx_word' id='word_1_175' title='bbox 382 2835 571 2900; x_wconf 89' lang='lat' dir='ltr'><strong>munitatem</strong></span> <span class='ocrx_word' id='word_1_176' title='bbox 594 2837 667 2901; x_wconf 87' lang='lat' dir='ltr'><strong>cleri</strong></span> <span class='ocrx_word' id='word_1_177' title='bbox 690 2836 848 2902; x_wconf 89' lang='lat' dir='ltr'><strong>dominari</strong></span> <span class='ocrx_word' id='word_1_178' title='bbox 872 2836 1012 2920; x_wconf 85' lang='lat' dir='ltr'><strong>civiliter,</strong></span> <span class='ocrx_word' id='word_1_179' title='bbox 1034 2859 1109 2903; x_wconf 90' lang='lat' dir='ltr'><strong>cum</strong></span> <span class='ocrx_word' id='word_1_180' title='bbox 1132 2857 1218 2901; x_wconf 89' lang='lat' dir='ltr'><strong>error</strong></span> <span class='ocrx_word' id='word_1_181' title='bbox 1239 2836 1291 2900; x_wconf 93' lang='lat' dir='ltr'><strong>ille</strong></span> <span class='ocrx_word' id='word_1_182' title='bbox 1315 2837 1364 2900; x_wconf 81' lang='lat' dir='ltr'><strong>vir</strong></span> 
     </span>
    </p>

    <p class='ocr_par' dir='ltr' id='par_1_8' title="bbox 381 2937 1365 3027">
     <span class='ocr_line' id='line_1_24' title="bbox 381 2937 1365 3027; baseline 0.004 -26"><span class='ocrx_word' id='word_1_183' title='bbox 381 2937 463 3003; x_wconf 85' lang='lat' dir='ltr'><strong>loret</strong></span> <span class='ocrx_word' id='word_1_184' title='bbox 504 2941 727 3026; x_wconf 77' lang='lat' dir='ltr'><strong>extinguibilis,</strong></span> <span class='ocrx_word' id='word_1_185' title='bbox 766 2944 822 3005; x_wconf 90' lang='lat' dir='ltr'><strong>sed</strong></span> <span class='ocrx_word' id='word_1_186' title='bbox 862 2957 1026 3027; x_wconf 86' lang='lat' dir='ltr'><strong>tamquam</strong></span> <span class='ocrx_word' id='word_1_187' title='bbox 1075 2962 1185 3006; x_wconf 91' lang='lat' dir='ltr'><strong>cancer</strong></span> <span class='ocrx_word' id='word_1_188' title='bbox 1229 2956 1365 3025; x_wconf 84' lang='lat' dir='ltr'><strong>serperet</strong></span> 
     </span>
    </p>

    <p class='ocr_par' dir='ltr' id='par_1_9' title="bbox 379 3045 1406 3235">
     <span class='ocr_line' id='line_1_25' title="bbox 379 3045 1363 3132; baseline 0.001 -25"><span class='ocrx_word' id='word_1_189' title='bbox 379 3045 628 3130; x_wconf 76' lang='lat' dir='ltr'><strong>ampliandoque</strong></span> <span class='ocrx_word' id='word_1_190' title='bbox 651 3048 846 3130; x_wconf 78' lang='lat' dir='ltr'><strong>procederet,</strong></span> <span class='ocrx_word' id='word_1_191' title='bbox 874 3067 1044 3132; x_wconf 88' lang='lat' dir='ltr'><strong>quousque</strong></span> <span class='ocrx_word' id='word_1_192' title='bbox 1068 3066 1215 3131; x_wconf 81' lang='lat' dir='ltr'><strong>magnam</strong></span> <span class='ocrx_word' id='word_1_193' title='bbox 1241 3059 1363 3129; x_wconf 89' lang='lat' dir='ltr'><strong>partem</strong></span> 
     </span>
     <span class='ocr_line' id='line_1_26' title="bbox 379 3149 1406 3235; baseline -0.003 -24"><span class='ocrx_word' id='word_1_194' title='bbox 379 3169 550 3232; x_wconf 82' lang='lat' dir='ltr'><strong>regnorum</strong></span> <span class='ocrx_word' id='word_1_195' title='bbox 574 3149 722 3215; x_wconf 85' lang='lat' dir='ltr'><strong>inficeret.</strong></span> <span class='ocrx_word' id='word_1_196' title='bbox 746 3151 827 3215; x_wconf 82' lang='lat' dir='ltr'><strong>Satis</strong></span> <span class='ocrx_word' id='word_1_197' title='bbox 850 3172 926 3235; x_wconf 85' lang='lat' dir='ltr'><strong>crgo</strong></span> <span class='ocrx_word' id='word_1_198' title='bbox 949 3167 997 3216; x_wconf 81' lang='lat' dir='ltr'><strong>est</strong></span> <span class='ocrx_word' id='word_1_199' title='bbox 1018 3150 1112 3215; x_wconf 88' lang='lat' dir='ltr'><strong>nobis</strong></span> <span class='ocrx_word' id='word_1_200' title='bbox 1134 3150 1246 3214; x_wconf 88' lang='lat' dir='ltr'><strong>habere</strong></span> <span class='ocrx_word' id='word_1_201' title='bbox 1269 3156 1406 3214; x_wconf 75' lang='lat' dir='ltr'><strong>usumes</strong></span> 
     </span>
    </p>

    <p class='ocr_par' dir='ltr' id='par_1_10' title="bbox 380 3254 1363 3342">
     <span class='ocr_line' id='line_1_27' title="bbox 380 3254 1363 3342; baseline 0.002 -28"><span class='ocrx_word' id='word_1_202' title='bbox 380 3255 579 3319; x_wconf 87' lang='lat' dir='ltr'><strong>moderatum</strong></span> <span class='ocrx_word' id='word_1_203' title='bbox 603 3255 829 3340; x_wconf 87' lang='lat' dir='ltr'><strong>temporalium</strong></span> <span class='ocrx_word' id='word_1_204' title='bbox 850 3277 911 3342; x_wconf 91' lang='lat' dir='ltr'><strong>pro</strong></span> <span class='ocrx_word' id='word_1_205' title='bbox 933 3256 1052 3321; x_wconf 87' lang='lat' dir='ltr'><strong>nostris</strong></span> <span class='ocrx_word' id='word_1_206' title='bbox 1075 3256 1211 3342; x_wconf 88' lang='lat' dir='ltr'><strong>propriis</strong></span> <span class='ocrx_word' id='word_1_207' title='bbox 1231 3254 1363 3320; x_wconf 85' lang='lat' dir='ltr'><strong>necessi·</strong></span> 
     </span>
    </p>

    <p class='ocr_par' dir='ltr' id='par_1_11' title="bbox 380 3356 1363 3446">
     <span class='ocr_line' id='line_1_28' title="bbox 380 3356 1363 3446; baseline 0.001 -25"><span class='ocrx_word' id='word_1_208' title='bbox 380 3356 498 3422; x_wconf 83' lang='lat' dir='ltr'><strong>tatibus&#39;</strong></span> <span class='ocrx_word' id='word_1_209' title='bbox 520 3373 552 3424; x_wconf 85' lang='lat' dir='ltr'><strong>et</strong></span> <span class='ocrx_word' id='word_1_210' title='bbox 573 3359 711 3424; x_wconf 87' lang='lat' dir='ltr'><strong>aliorum</strong></span> <span class='ocrx_word' id='word_1_211' title='bbox 733 3382 911 3446; x_wconf 87' lang='lat' dir='ltr'><strong>pauperum</strong></span> <span class='ocrx_word' id='word_1_212' title='bbox 941 3360 1116 3425; x_wconf 85' lang='lat' dir='ltr'><strong>relevandis</strong></span> <span class='ocrx_word' id='word_1_213' title='bbox 1146 3362 1195 3425; x_wconf 85' lang='lat' dir='ltr'><strong>vel</strong></span> <span class='ocrx_word' id='word_1_214' title='bbox 1227 3360 1363 3424; x_wconf 83' lang='lat' dir='ltr'><strong>extincta</strong></span> 
     </span>
    </p>

    <p class='ocr_par' dir='ltr' id='par_1_12' title="bbox 380 3463 1364 3550">
     <span class='ocr_line' id='line_1_29' title="bbox 380 3463 1364 3550; baseline 0.001 -25"><span class='ocrx_word' id='word_1_215' title='bbox 380 3481 495 3525; x_wconf 90' lang='lat' dir='ltr'><strong>eorum</strong></span> <span class='ocrx_word' id='word_1_216' title='bbox 525 3463 752 3528; x_wconf 88' lang='lat' dir='ltr'><strong>dominacione</strong></span> <span class='ocrx_word' id='word_1_217' title='bbox 788 3464 870 3529; x_wconf 87' lang='lat' dir='ltr'><strong>civili</strong></span> <span class='ocrx_word' id='word_1_218' title='bbox 909 3465 958 3528; x_wconf 84' lang='lat' dir='ltr'><strong>vel</strong></span> <span class='ocrx_word' id='word_1_219' title='bbox 995 3464 1027 3527; x_wconf 91' lang='lat' dir='ltr'><strong>in</strong></span> <span class='ocrx_word' id='word_1_220' title='bbox 1069 3484 1182 3529; x_wconf 77' lang='lat' dir='ltr'><strong>nrnnus</strong></span> <span class='ocrx_word' id='word_1_221' title='bbox 1224 3463 1364 3550; x_wconf 86' lang='lat' dir='ltr'><strong>capitalis</strong></span> 
     </span>
    </p>

    <p class='ocr_par' dir='ltr' id='par_1_13' title="bbox 379 3565 1407 3758">
     <span class='ocr_line' id='line_1_30' title="bbox 379 3565 1364 3653; baseline 0.006 -26"><span class='ocrx_word' id='word_1_222' title='bbox 379 3565 504 3628; x_wconf 89' lang='lat' dir='ltr'><strong>domini</strong></span> <span class='ocrx_word' id='word_1_223' title='bbox 536 3567 692 3647; x_wconf 89' lang='lat' dir='ltr'><strong>derelicta,</strong></span> <span class='ocrx_word' id='word_1_224' title='bbox 720 3583 756 3633; x_wconf 92' lang='lat' dir='ltr'><strong>ut</strong></span> <span class='ocrx_word' id='word_1_225' title='bbox 789 3584 880 3633; x_wconf 88' lang='lat' dir='ltr'><strong>notat</strong></span> <span class='ocrx_word' id='word_1_226' title='bbox 912 3570 1010 3653; x_wconf 81' lang='lat' dir='ltr'><strong>Hugo</strong></span> <span class='ocrx_word' id='word_1_227' title='bbox 1041 3567 1123 3631; x_wconf 89' lang='lat' dir='ltr'><strong>libro</strong></span> <span class='ocrx_word' id='word_1_228' title='bbox 1154 3571 1294 3633; x_wconf 89' lang='lat' dir='ltr'><strong>secundo</strong></span> <span class='ocrx_word' id='word_1_229' title='bbox 1318 3571 1364 3633; x_wconf 88' lang='lat' dir='ltr'><strong>De</strong></span> 
     </span>
     <span class='ocr_line' id='line_1_31' title="bbox 380 3669 1407 3758; baseline 0 -25"><span class='ocrx_word' id='word_1_230' title='bbox 380 3669 602 3754; x_wconf 71' lang='lat' dir='ltr'><strong>Sacrannnfis,</strong></span> <span class='ocrx_word' id='word_1_231' title='bbox 630 3685 718 3756; x_wconf 88' lang='lat' dir='ltr'><strong>parte</strong></span> <span class='ocrx_word' id='word_1_232' title='bbox 741 3673 890 3754; x_wconf 87' lang='lat' dir='ltr'><strong>secunda,</strong></span> <span class='ocrx_word' id='word_1_233' title='bbox 913 3692 981 3756; x_wconf 90' lang='lat' dir='ltr'><strong>cap.</strong></span> <span class='ocrx_word' id='word_1_234' title='bbox 1005 3672 1062 3735; x_wconf 84' lang='lat'>111⁰</span> <span class='ocrx_word' id='word_1_235' title='bbox 1084 3685 1115 3734; x_wconf 89' lang='lat' dir='ltr'><strong>et</strong></span> <span class='ocrx_word' id='word_1_236' title='bbox 1137 3672 1217 3737; x_wconf 76' lang='lat' dir='ltr'>V110.</span> <span class='ocrx_word' id='word_1_237' title='bbox 1249 3673 1407 3758; x_wconf 82' lang='lat' dir='ltr'><strong>Layei,3o</strong></span> 
     </span>
    </p>

    <p class='ocr_par' dir='ltr' id='par_1_14' title="bbox 379 3772 1363 3860">
     <span class='ocr_line' id='line_1_32' title="bbox 379 3772 1363 3860; baseline 0.008 -26"><span class='ocrx_word' id='word_1_238' title='bbox 379 3772 493 3857; x_wconf 84' lang='lat' dir='ltr'><strong>inquit,</strong></span> <span class='ocrx_word' id='word_1_239' title='bbox 516 3776 593 3860; x_wconf 83' lang='lat' dir='ltr'><strong>quia</strong></span> <span class='ocrx_word' id='word_1_240' title='bbox 616 3784 750 3841; x_wconf 84' lang='lat' dir='ltr'><strong>terrena</strong></span> <span class='ocrx_word' id='word_1_241' title='bbox 774 3788 804 3841; x_wconf 88' lang='lat' dir='ltr'><strong>et</strong></span> <span class='ocrx_word' id='word_1_242' title='bbox 824 3787 954 3841; x_wconf 85' lang='lat' dir='ltr'><strong>terrene</strong></span> <span class='ocrx_word' id='word_1_243' title='bbox 979 3776 1040 3841; x_wconf 81' lang='lat' dir='ltr'><strong>vite</strong></span> <span class='ocrx_word' id='word_1_244' title='bbox 1072 3776 1257 3846; x_wconf 78' lang='lat' dir='ltr'><strong>necessarie</strong></span> <span class='ocrx_word' id='word_1_245' title='bbox 1278 3789 1363 3842; x_wconf 85' lang='lat' dir='ltr'><strong>trac·</strong></span> 
     </span>
    </p>
   </div>
   <div class='ocr_carea' id='block_1_6' title="bbox 377 3880 1363 3964">
    <p class='ocr_par' dir='ltr' id='par_1_15' title="bbox 377 3880 1363 3964">
     <span class='ocr_line' id='line_1_33' title="bbox 377 3880 1363 3964; baseline 0.005 -24"><span class='ocrx_word' id='word_1_246' title='bbox 377 3887 459 3955; x_wconf 84' lang='lat' dir='ltr'><strong>tant,</strong></span> <span class='ocrx_word' id='word_1_247' title='bbox 470 3899 556 3963; x_wconf 86' lang='lat' dir='ltr'><strong>pars</strong></span> <span class='ocrx_word' id='word_1_248' title='bbox 578 3880 725 3964; x_wconf 82' lang='lat' dir='ltr'><strong>corporis</strong></span> <span class='ocrx_word' id='word_1_249' title='bbox 743 3880 864 3944; x_wconf 75' lang='lat' dir='ltr'><strong>Christi</strong></span> <span class='ocrx_word' id='word_1_250' title='bbox 883 3880 1016 3944; x_wconf 86' lang='lat' dir='ltr'><strong>sinistra</strong></span> <span class='ocrx_word' id='word_1_251' title='bbox 1031 3889 1117 3945; x_wconf 84' lang='lat' dir='ltr'><strong>snut.</strong></span> <span class='ocrx_word' id='word_1_252' title='bbox 1135 3880 1254 3945; x_wconf 87' lang='lat' dir='ltr'><strong>Clerici</strong></span> <span class='ocrx_word' id='word_1_253' title='bbox 1276 3900 1363 3958; x_wconf 80' lang='lat' dir='ltr'><strong>vero,</strong></span> 
     </span>
    </p>
   </div>
   <div class='ocr_carea' id='block_1_7' title="bbox 378 4032 1363 4250">
    <p class='ocr_par' dir='ltr' id='par_1_16' title="bbox 378 4032 1363 4250">
     <span class='ocr_line' id='line_1_34' title="bbox 419 4032 1363 4106; baseline 0 -12"><span class='ocrx_word' id='word_1_254' title='bbox 419 4046 439 4094; x_wconf 75' lang='lat'><strong>⁵.</strong></span> <span class='ocrx_word' id='word_1_255' title='bbox 452 4048 474 4093; x_wconf 99' lang='lat' dir='ltr'><strong>A</strong></span> <span class='ocrx_word' id='word_1_256' title='bbox 487 4047 511 4093; x_wconf 91' lang='lat' dir='ltr'><strong>ln</strong></span> <span class='ocrx_word' id='word_1_257' title='bbox 526 4047 613 4106; x_wconf 63' lang='lat' dir='ltr'><strong>marus</strong></span> <span class='ocrx_word' id='word_1_258' title='bbox 627 4047 733 4105; x_wconf 79' lang='lat' dir='ltr'><strong>Septima</strong></span> <span class='ocrx_word' id='word_1_259' title='bbox 747 4047 820 4095; x_wconf 81' lang='lat' dir='ltr'><strong>reela.</strong></span> <span class='ocrx_word' id='word_1_260' title='bbox 927 4032 958 4094; x_wconf 55' lang='lat' dir='ltr'><strong>13ss</strong></span> <span class='ocrx_word' id='word_1_261' title='bbox 971 4049 1002 4093; x_wconf 78' lang='lat' dir='ltr'><strong>B:</strong></span> <span class='ocrx_word' id='word_1_262' title='bbox 1017 4048 1152 4095; x_wconf 83' lang='lat' dir='ltr'><strong>translaclo.</strong></span> <span class='ocrx_word' id='word_1_263' title='bbox 1257 4047 1286 4095; x_wconf 71' lang='lat' dir='ltr'><strong>tl.</strong></span> <span class='ocrx_word' id='word_1_264' title='bbox 1303 4050 1326 4094; x_wconf 91' lang='lat' dir='ltr'><strong>A</strong></span> <span class='ocrx_word' id='word_1_265' title='bbox 1338 4048 1363 4094; x_wconf 85' lang='lat' dir='ltr'><strong>ln</strong></span> 
     </span>
     <span class='ocr_line' id='line_1_35' title="bbox 380 4114 1362 4176; baseline 0.001 -14"><span class='ocrx_word' id='word_1_266' title='bbox 380 4127 467 4174; x_wconf 63' lang='lat' dir='ltr'><strong>naras</strong></span> <span class='ocrx_word' id='word_1_267' title='bbox 479 4115 622 4176; x_wconf 77' lang='lat' dir='ltr'><strong>Responslo.</strong></span> <span class='ocrx_word' id='word_1_268' title='bbox 727 4118 764 4164; x_wconf 80' lang='lat'><strong>28.</strong></span> <span class='ocrx_word' id='word_1_269' title='bbox 778 4120 801 4164; x_wconf 91' lang='lat' dir='ltr'><strong>A</strong></span> <span class='ocrx_word' id='word_1_270' title='bbox 814 4116 838 4163; x_wconf 91' lang='lat' dir='ltr'><strong>ln</strong></span> <span class='ocrx_word' id='word_1_271' title='bbox 853 4128 940 4173; x_wconf 66' lang='lat' dir='ltr'><strong>neren</strong></span> <span class='ocrx_word' id='word_1_272' title='bbox 954 4116 1033 4175; x_wconf 67' lang='lat' dir='ltr'><strong>Hnao.</strong></span> <span class='ocrx_word' id='word_1_273' title='bbox 1047 4118 1073 4163; x_wconf 88' lang='lat' dir='ltr'><strong>ln</strong></span> <span class='ocrx_word' id='word_1_274' title='bbox 1087 4116 1196 4175; x_wconf 69' lang='lat' dir='ltr'><strong>lingonis</strong></span> <span class='ocrx_word' id='word_1_275' title='bbox 1209 4117 1245 4165; x_wconf 81' lang='lat' dir='ltr'><strong>De</strong></span> <span class='ocrx_word' id='word_1_276' title='bbox 1257 4114 1362 4164; x_wconf 76' lang='lat' dir='ltr'><strong>sacrun</strong></span> 
     </span>
     <span class='ocr_line' id='line_1_36' title="bbox 378 4184 665 4250; baseline 0.007 -20"><span class='ocrx_word' id='word_1_277' title='bbox 378 4184 396 4231; x_wconf 86' lang='lat' dir='ltr'><strong>l.</strong></span> <span class='ocrx_word' id='word_1_278' title='bbox 408 4197 431 4233; x_wconf 86' lang='lat' dir='ltr'><strong>e.</strong></span> <span class='ocrx_word' id='word_1_279' title='bbox 440 4187 520 4250; x_wconf 17' lang='lat' dir='ltr'><strong>&#39;legen</strong></span> <span class='ocrx_word' id='word_1_280' title='bbox 536 4186 601 4234; x_wconf 86' lang='lat' dir='ltr'><strong>Lelcl</strong></span> <span class='ocrx_word' id='word_1_281' title='bbox 614 4185 665 4246; x_wconf 76' lang='lat' dir='ltr'><strong>qul.</strong></span> 
     </span>
    </p>
   </div>
   <div class='ocr_carea' id='block_1_8' title="bbox 252 4309 1363 4472">
    <p class='ocr_par' dir='ltr' id='par_1_17' title="bbox 252 4309 1363 4472">
     <span class='ocr_line' id='line_1_37' title="bbox 423 4309 1363 4383; baseline 0.003 -21"><span class='ocrx_word' id='word_1_282' title='bbox 423 4324 465 4381; x_wconf 77' lang='lat'><strong>²9·</strong></span> <span class='ocrx_word' id='word_1_283' title='bbox 494 4309 618 4379; x_wconf 76' lang='lat' dir='ltr'><strong>Hugonls</strong></span> <span class='ocrx_word' id='word_1_284' title='bbox 645 4312 678 4364; x_wconf 92' lang='lat' dir='ltr'><strong>de</strong></span> <span class='ocrx_word' id='word_1_285' title='bbox 705 4313 732 4365; x_wconf 83' lang='lat' dir='ltr'><strong>s.</strong></span> <span class='ocrx_word' id='word_1_286' title='bbox 760 4311 868 4366; x_wconf 86' lang='lat' dir='ltr'><strong>Victore</strong></span> <span class='ocrx_word' id='word_1_287' title='bbox 886 4310 958 4383; x_wconf 85' lang='lat' dir='ltr'><strong>Opp.</strong></span> <span class='ocrx_word' id='word_1_288' title='bbox 976 4328 1037 4383; x_wconf 83' lang='lat' dir='ltr'><strong>pers</strong></span> <span class='ocrx_word' id='word_1_289' title='bbox 1060 4314 1092 4380; x_wconf 81' lang='lat'><strong>11,</strong></span> <span class='ocrx_word' id='word_1_290' title='bbox 1114 4313 1154 4367; x_wconf 84' lang='lat' dir='ltr'><strong>Do</strong></span> <span class='ocrx_word' id='word_1_291' title='bbox 1176 4313 1363 4379; x_wconf 79' lang='lat' dir='ltr'><strong>Sacramentls,</strong></span> 
     </span>
     <span class='ocr_line' id='line_1_38' title="bbox 252 4394 1354 4472; baseline 0.003 -23"><span class='ocrx_word' id='word_1_292' title='bbox 252 4394 255 4399; x_wconf 66' lang='lat'><strong><em>‘</em></strong></span> <span class='ocrx_word' id='word_1_293' title='bbox 378 4395 424 4450; x_wconf 85' lang='lat' dir='ltr'><strong>lib.</strong></span> <span class='ocrx_word' id='word_1_294' title='bbox 442 4397 473 4464; x_wconf 84' lang='lat' dir='ltr'><strong>ll,</strong></span> <span class='ocrx_word' id='word_1_295' title='bbox 490 4412 551 4467; x_wconf 85' lang='lat' dir='ltr'><strong>pars</strong></span> <span class='ocrx_word' id='word_1_296' title='bbox 569 4398 589 4451; x_wconf 91' lang='grc'><strong>11</strong></span> <span class='ocrx_word' id='word_1_297' title='bbox 610 4394 665 4469; x_wconf 85' lang='lat' dir='ltr'><strong>(ed.</strong></span> <span class='ocrx_word' id='word_1_298' title='bbox 679 4398 785 4470; x_wconf 83' lang='lat' dir='ltr'><strong>lllgne),</strong></span> <span class='ocrx_word' id='word_1_299' title='bbox 797 4414 841 4470; x_wconf 84' lang='lat' dir='ltr'><strong>pp.</strong></span> <span class='ocrx_word' id='word_1_300' title='bbox 853 4415 906 4469; x_wconf 79' lang='lat'><strong>4¹7</strong></span> <span class='ocrx_word' id='word_1_301' title='bbox 919 4408 1009 4466; x_wconf 71' lang='lat' dir='ltr'><strong>etaso</strong></span> <span class='ocrx_word' id='word_1_302' title='bbox 1022 4400 1127 4453; x_wconf 77' lang='lat' dir='ltr'><strong>mutatis</strong></span> <span class='ocrx_word' id='word_1_303' title='bbox 1148 4398 1248 4472; x_wconf 85' lang='lat' dir='ltr'><strong>allqunt</strong></span> <span class='ocrx_word' id='word_1_304' title='bbox 1266 4399 1354 4452; x_wconf 81' lang='lat' dir='ltr'><strong>uerbis</strong></span> 
     </span>
    </p>
   </div>
   <div class='ocr_carea' id='block_1_9' title="bbox 0 0 1636 5226">
    <p class='ocr_par' dir='ltr' id='par_1_18' title="bbox 0 0 1636 5226">
     <span class='ocr_line' id='line_1_39' title="bbox 0 0 1636 5226; baseline 0 4"><span class='ocrx_word' id='word_1_305' title='bbox 0 0 1636 5226; x_wconf 95' lang='lat' dir='ltr'><strong> </strong></span> 
     </span>
    </p>
   </div>
  </div>
 </body>
</html>
