3262 5226
187 84 195 133 i

189 160 200 319 i

194 328 206 571 i
423 423 610 518 canaam]
801 447 1079 503 beroeensis„-

312 623 415 693 φοῦ·
424 621 545 693 petere,
585 605 890 691 quomodocunque
929 605 1140 672 laudabiliter
1181 608 1337 672 terminus
1378 607 1423 671 sit

425 711 618 795 descriptus,
652 710 743 794 quod
768 711 838 774 laici
866 727 1002 796 possunt
1030 714 1076 777 eis
1108 713 1246 776 relaxare
1276 712 1422 777 debitum

428 814 640 900 spiritualiter
664 815 705 877 ad
723 815 894 879 utilitatem
912 817 1054 897 ecclesie,
1077 816 1205 879 racione
1230 817 1321 880 cuius
1343 817 1423 880 rela-

359 931 421 989 ιώ
430 920 573 985 sationis
588 921 607 958 ⁴*
623 921 713 983 Deus
746 921 889 1002 graciose
919 921 1098 999 coassistet,
1128 920 1320 983 dimittendo
1346 939 1422 1004 pec·

408 1038 597 1091 §catumet
621 1045 704 1108 pene
729 1024 885 1107 debitum,
909 1024 997 1109 quod
1022 1022 1180 1106 contingit
1196 1024 1300 1086 Deum
1317 1021 1423 1087 iacere
1475 1030 1532 1077 ⁰⁰⁶
1552 1046 1591 1079 m

434 1128 475 1192 ad
503 1129 692 1191 instanciam
722 1128 803 1211 layci
836 1125 998 1190 efficacius
1030 1147 1129 1211 quam
1158 1126 1198 1189 ad
1232 1126 1422 1190 instanciam
1432 1085 1571 1232 'paphon‘
1505 1137 1624 1235 1¹⁸⁸·

436 1232 530 1296 istius
561 1232 674 1314 prelati
706 1232 762 1314 qui
791 1228 979 1314 blaspheme
1011 1245 1069 1295 aut
1095 1231 1245 1312 sacrilege
1273 1199 1492 1294 vendicandi·
1496 1200 1631 1338 offis!-

437 1351 495 1399 aut
518 1335 627 1398 vendit
651 1335 701 1397 vel
724 1335 838 1397 saltem
861 1335 1024 1418 pretendit
1051 1356 1084 1399 se
1114 1335 1216 1398 iacere
1241 1334 1331 1420 quod
1352 1335 1423 1398 Deo
1495 1305 1525 1348 μ
1563 1301 1597 1340 ¹*

439 1460 506 1503 non
531 1452 635 1523 potest
665 1452 858 1522 competere.
895 1439 977 1502 Nam
1008 1439 1098 1503 danti
1120 1439 1271 1524 pecunias
1299 1439 1350 1502 vel
1376 1440 1423 1504 eis

399 1571 431 1608 ιο
442 1545 627 1629 equivalens
640 1543 736 1606 datur
752 1542 954 1624 indulgencia
969 1558 1255 1628 quantumcunque
1270 1543 1338 1606 laxa
1355 1545 1424 1608 sive

445 1670 506 1734 pro
522 1647 600 1711 vivis
616 1646 681 1710 sive
692 1666 751 1731 pro
762 1647 898 1710 mortuis
909 1661 1196 1733 quantumcunque
1208 1648 1425 1731 incapacibus,

448 1754 505 1818 sed
521 1771 620 1835 egeno
630 1751 675 1813 tel
692 1750 826 1834 pauperi
842 1751 1020 1833 evangelice
1038 1772 1103 1815 non
1119 1751 1196 1815 dant
1206 1752 1425 1835 indulgentias

448 1879 509 1942 pro
535 1876 631 1941 opere
658 1855 815 1936 virtuoso,
844 1874 918 1918 cum
945 1869 1051 1920 tamen
1079 1855 1222 1941 quelibet
1250 1855 1351 1921 virtus
1376 1859 1427 1923 vel

449 1963 599 2027 meritum
623 1961 663 2024 sit
692 1958 854 2022 infinitum
886 1960 1081 2043 prestantius
1109 1981 1206 2045 quam
1235 1973 1324 2024 totus
1355 1960 1424 2024 the·

409 2079 565 2133 risaurus
592 2066 686 2129 liuius
715 2064 827 2128 mundi
855 2077 887 2128 et
913 2065 985 2148 plus
1006 2062 1171 2146 dignificat
1196 2064 1359 2129 hominem
1383 2067 1426 2130 ad

450 2172 635 2237 habendum
658 2170 875 2252 indulgencias
890 2171 997 2255 quoad
1015 2171 1131 2252 Deum,
1155 2170 1229 2255 quia
1245 2171 1297 2234 illa
1318 2191 1377 2255 per
1391 2192 1427 2236 se

452 2292 484 2341 et
507 2278 567 2341 alia
590 2276 692 2339 solum
715 2294 772 2359 per
794 2274 949 2339 accidens.

422 2390 444 2445 b
498 2381 588 2461 ltem,
616 2381 741 2444 videtur
767 2380 854 2466 quod
881 2380 930 2443 vel
954 2379 1056 2444 forma
1079 2378 1354 2464 indulgenciarum
1378 2395 1428 2446 est

454 2485 532 2549 laisa
561 2486 608 2549 rel
635 2484 811 2568 indulgenti
839 2485 1002 2567 ambigua;
1037 2504 1110 2548 nam
1145 2483 1345 2568 indulgencie
1377 2484 1426 2549 in·

411 2591 634 2655 sodifferenter
665 2590 883 2653 conceduntur
915 2589 994 2654 vivis
1027 2605 1059 2655 et
1086 2589 1232 2672 mortuis,
1266 2588 1322 2654 sed
1349 2609 1427 2674 sepe

454 2695 609 2777 contingit
624 2695 710 2780 quod
726 2714 790 2757 non
803 2694 994 2760 valeantillis
1007 2695 1056 2757 vel
1072 2715 1135 2758 non
1146 2707 1271 2758 tantum
1288 2694 1427 2777 valeant,

454 2819 493 2863 eo
521 2798 608 2882 quod
639 2812 713 2863 sunt
740 2798 893 2862 inhabiles
920 2800 1026 2883 quoad
1052 2800 1167 2863 Deum.
1212 2799 1297 2882 Ergo
1321 2799 1426 2863 forma
1520 2839 1524 2845 -

454 2903 728 2986 indulgenciarum
757 2924 832 2989 sepe
853 2904 994 2989 implicat
1015 2903 1148 2986 salsum3
1177 2915 1208 2968 et
1230 2903 1314 2967 idem
1336 2916 1427 2988 patet

454 3008 495 3071 de
520 3010 708 3091 impetrante
729 3007 946 3091 indulgencias
967 3009 1065 3073 eciam
1089 3009 1161 3094 plus
1183 3028 1280 3093 quam
1295 3022 1425 3073 centum

411 3118 443 3171 ²⁵
463 3115 559 3177 millia
586 3133 752 3195 annorum,
784 3134 880 3199 quam
906 3114 1110 3198 largicionem
1134 3114 1185 3178 vel
1206 3126 1333 3199 oportet
1355 3134 1424 3178 esse

453 3216 565 3281 falsam
581 3219 628 3281 vel
645 3218 728 3282 diem
744 3220 850 3284 iudicii
868 3220 946 3285 adeo
962 3221 1126 3305 prorogari
1143 3221 1193 3284 vel
1207 3218 1424 3303 indulgentias

451 3324 555 3385 valere
571 3322 602 3385 in
618 3321 741 3387 inferno
756 3338 830 3408 post
845 3325 927 3389 diem
945 3324 1062 3389 iudicii.
1079 3323 1142 3388 Sed
1159 3325 1222 3387 due
1232 3323 1424 3407 posteriores

452 3441 558 3510 partes
581 3440 655 3493 sunt
676 3429 897 3515 inopinabiles,
920 3431 993 3494 idco
1009 3429 1198 3513 relinquitur
1212 3429 1315 3513 prima
1337 3446 1422 3510 pars,

452 3530 596 3596 videlicet
614 3534 701 3618 quod
722 3534 825 3600 forma
849 3534 1121 3621 indulgenciarum
1144 3553 1218 3617 sepe
1239 3532 1280 3597 sit
1300 3530 1423 3595 inutilis

404 3640 482 3697 ³oet
505 3633 591 3701 salsa

405 3744 438 3800 R
490 3737 557 3802 Nec
585 3741 666 3806 valet
693 3744 799 3807 dicere
825 3745 912 3829 quod
945 3707 1208 3826 subintelligende
1238 3753 1314 3804 sunt
1345 3758 1420 3802 con·
1451 3752 1475 3799 tt
1491 3767 1544 3801 ren
1546 3757 1626 3806 κιιοι

444 3839 587 3906 ditiones
623 3847 805 3929 capacitatis
840 3865 1049 3932 personarum
1082 3847 1191 3934 quoad
1225 3846 1329 3909 Deum
1360 3862 1420 3926 pro
1429 3806 1622 3959 ΜξοηἪιω,

441 3945 562 4029 quibus
583 3948 742 4013 indultum
764 3963 821 4028 est,
844 3948 918 4033 quia
936 3948 1032 4013 talem
1049 3950 1295 4056 promissionem
1311 3960 1421 4031 posset
1491 3926 1589 4011 assu
1599 3940 1626 3950 Ἀ

439 4050 576 4133 quilibet
596 4053 636 4113 de
656 4052 750 4128 vulgo
764 4069 876 4113 secure
901 4050 1005 4116 lacere
1025 4044 1218 4139 cuicunque,
1239 4066 1275 4118 ut
1296 4063 1419 4115 certum

307 4158 311 4213 ζ
395 4163 487 4217 35est
522 4156 608 4239 quod
636 4154 742 4217 omnis
770 4155 963 4237 dampnatus
990 4157 1121 4221 habebit
1155 4159 1282 4242 plenam
1308 4157 1418 4220 remis·

477 4369 505 4418 rs.
522 4372 553 4419 Br
567 4375 621 4430 pras
634 4371 759 4430 significat.
810 4372 854 4465 x18.
869 4386 902 4429 to.
916 4376 951 4422 As
965 4347 1041 4422 lorusa
1056 4375 1116 4423 {alsa
1130 4377 1175 4423 sd.

1298 4447 1331 4520 ³7
