3262 5226
818 449 1152 507 tonitruiswrcur.
1336 425 1469 519 [crau.

496 625 615 675 metros
636 631 748 675 eorum
771 630 833 694 que
848 608 934 693 paria
955 619 1072 693 puncta
1084 604 1203 688 precise
1217 604 1414 685 continuant,
1428 604 1472 667 sic
1486 616 1544 688 ¹4¹¹
1556 620 1584 675 1>

496 714 624 780 indubie
647 728 929 801 quantumcunque
951 732 1066 794 magna
1088 708 1181 774 luerit
1202 709 1300 794 ligura
1323 710 1474 794 quadrata

497 819 652 904 contingit
673 818 812 903 accipere
834 818 1043 905 dyametrum,
1066 834 1130 900 que
1151 812 1239 898 paria
1255 827 1371 898 puncta
1394 833 1471 877 con·

496 925 593 990 tineat
614 945 689 989 cum
710 943 771 987 suo
792 922 897 1004 latere,
925 937 961 987 ut
988 918 1143 1005 capiendo
1180 919 1379 1006 dyametrum
1410 938 1473 1007 que

498 1031 536 1093 de
558 1028 696 1114 qualibet
717 1041 804 1093 costa
828 1023 1047 1090 transversatili
1062 1021 1181 1108 precise
1197 1021 1357 1088 contineat
1371 1042 1498 1096 unums

496 1147 661 1218 punctum.
671 1133 765 1197 Tune
774 1130 893 1216 precise
915 1143 995 1215 quot
1016 1142 1089 1193 sunt
1103 1142 1222 1212 puncta
1244 1127 1276 1191 in
1291 1142 1388 1205 costa,
1404 1147 1472 1213 pre·

496 1236 557 1300 cise
578 1251 627 1301 tot
642 1250 715 1301 sunt
730 1236 826 1300 latera
842 1232 1091 1314 transversatilia,
1107 1245 1138 1296 et
1154 1232 1273 1317 precise
1289 1246 1338 1297 tot
1357 1248 1474 1318 puncta

496 1342 636 1408 continet
657 1343 729 1406 data
751 1342 920 1426 dyameter.
952 1340 993 1404 Et
1019 1352 1125 1403 tamen
1153 1337 1308 1423 contingit
1334 1337 1473 1422 accipere

495 1446 589 1510 aliam
625 1445 815 1510 diametrum
845 1443 878 1509 in
916 1443 1006 1510 cuius
1043 1441 1317 1528 composicionem
1349 1442 1474 1507 racione

353 1567 381 1583 ··
495 1549 723 1636 obliquacionis
744 1550 836 1635 plura
857 1550 908 1614 vel
929 1547 1078 1635 pauciora
1104 1562 1223 1633 puncta
1249 1548 1472 1632 ingrediantur.
1487 1583 1518 1620 ,ο

494 1655 559 1719 Nec
581 1653 697 1719 scietur
716 1652 850 1719 dilfinite
872 1653 1040 1740 proporcio
1063 1667 1118 1716 aut
1145 1653 1302 1739 quantitas
1330 1652 1473 1716 diametri

495 1775 638 1845 respectu
660 1759 774 1842 lateris,
797 1758 856 1822 nisi
872 1759 949 1824 scita
960 1756 1136 1844 quantitate
1146 1757 1270 1822 numeri
1279 1773 1473 1842 punctorum

495 1886 532 1929 ex
562 1864 680 1951 quibus
701 1863 915 1949 componitur.
941 1864 1015 1928 ldeo
1037 1861 1238 1949 querendum
1269 1877 1316 1928 est
1347 1863 1387 1926 de
1410 1882 1474 1947 qua

494 1970 649 2035 diametro
672 1989 804 2055 arguens
826 1968 902 2034 velit
916 1967 1015 2054 loqui,
1037 1988 1113 2032 cum
1135 1967 1217 2031 inter
1231 1968 1341 2032 eadem
1356 1980 1474 2054 puncta

495 2073 650 2160 contingit
663 2074 803 2159 accipere
825 2072 962 2140 infinitas
976 2073 1084 2156 lineas,
1109 2094 1246 2159 quarum
1267 2074 1353 2138 nulla
1369 2073 1517 2145 divisi-15

493 2179 597 2244 biliter
618 2179 738 2245 excedit
759 2201 778 2245 a
799 2179 986 2246 rectitudine
1008 2180 1133 2244 racione
1161 2177 1345 2244 variacionis
1372 2198 1474 2263 punc·

494 2298 601 2349 torum
642 2285 841 2369 dyrmetrum
873 2284 1076 2370 quantitative
1112 2282 1391 2368 componentium.
1434 2284 1476 2347 Et

494 2387 539 2453 sic
590 2389 803 2454 communiter
847 2404 893 2455 est
937 2391 1099 2476 dyameter
1146 2409 1241 2474 super
1285 2410 1348 2475 qua
1392 2386 1475 2452 cadit

493 2492 684 2578 imaginacio
711 2493 813 2558 maior
849 2508 962 2578 costa,
983 2509 1018 2560 ut
1054 2493 1269 2559 communiter
1298 2492 1412 2559 dicitur
1442 2493 1474 2556 in

493 2597 661 2662 medietate
685 2599 905 2684 proportionis
929 2600 1034 2686 duple,
1057 2599 1113 2664 sed
1136 2598 1419 2664 cerritud02defictt
1440 2596 1474 2660 in
1487 2631 1519 2669 20

493 2702 548 2765 tali
570 2702 810 2786 imaginacione,
826 2724 900 2768 cum
916 2724 1000 2768 error
1015 2725 1126 2768 sensus
1143 2703 1175 2766 in
1199 2704 1352 2788 capiendo
1374 2704 1473 2767 lineas

493 2806 658 2891 corrigitur
671 2807 693 2853 *
706 2828 744 2871 ex
760 2809 932 2874 subtilitate
947 2808 1122 2874 intellectus
1149 2805 1200 2894 (ut
1214 2808 1290 2872 alias
1315 2807 1471 2892 exposui).
1485 2829 1546 2891 ¹4²⁸

269 2913 330 2961 aren
344 2911 413 2971 ludes
426 2897 482 2963 uei
537 2910 599 2974 Sed
615 2912 778 2975 redeundo
800 2914 841 2975 ad
863 2914 1022 2979 materiam
1039 2914 1079 2976 de
1095 2912 1225 2977 ecclesia
1241 2912 1354 2976 dicitur
1368 2911 1495 2996 primur
1516 2929 1543 2983 ι·

279 2969 470 3066 mm?
491 3014 580 3098 quod
602 3014 684 3080 sicut
705 3036 815 3080 sensus
837 3031 917 3082 errat
939 3017 1018 3082 circa
1045 3016 1299 3102 magnitudinem
1327 3029 1358 3080 et
1381 3016 1471 3080 recti·

271 3073 409 3170 winili
423 3073 637 3182 iiiimdinem
660 3119 751 3205 linee,
775 3122 849 3206 quia
872 3121 994 3207 ignorat
1016 3144 1186 3186 numerum
1214 3134 1409 3207 punctorum
1436 3142 1473 3184 ex
1489 3140 1519 3192 25

491 3221 607 3306 quibus
630 3225 845 3309 componitur,
868 3226 911 3289 sic
933 3226 1052 3290 viantes
1075 3239 1180 3291 errant
1206 3225 1287 3289 circa
1314 3224 1473 3310 magnitu-

491 3325 600 3390 dinem
634 3328 795 3412 dignitatis
831 3332 881 3395 vel
913 3332 1014 3396 meriti
1045 3331 1175 3413 viantis,
1218 3330 1293 3415 quia
1330 3330 1476 3416 ignorant

490 3449 662 3495 numerum
687 3448 716 3497 et
740 3455 923 3499 mensuram
946 3437 977 3499 in
1000 3436 1116 3521 quibus
1140 3436 1272 3499 verbum
1300 3436 1475 3499 eternaliter

490 3532 651 3619 disposuit
672 3559 792 3622 ponere
808 3561 958 3624 sponsam
973 3562 1072 3605 suam.
1098 3539 1191 3603 Multi
1208 3540 1294 3604 enim
1309 3541 1475 3625 obliquant

490 3658 509 3701 a
532 3639 716 3705 rectitudine
739 3642 871 3725 iusticie,
888 3659 919 3708 et
940 3665 1048 3708 sensus
1070 3643 1157 3706 infixi
1174 3643 1206 3707 in
1222 3645 1343 3726 legibus
1358 3645 1472 3708 huma·
1486 3665 1518 3717 30

291 3782 423 3846 mm!
435 3787 463 3832 οἱ
491 3741 539 3804 nis
568 3742 628 3807 hoc
661 3767 725 3809 non
758 3748 947 3833 percipiunt,
979 3749 1031 3811 sed
1063 3748 1241 3812 intellectus
1272 3750 1474 3815 considerans

272 3835 480 3937 &gssfffflffl
491 3845 654 3912 veritatem
677 3870 712 3913 ac
735 3851 926 3936 sapientiam
948 3852 1099 3937 scripture
1114 3854 1318 3937 probabiliter
1341 3855 1474 3939 percipit
1493 3896 1496 3904 -

339 3942 415 3987 Μ·
490 3951 578 4035 quod
606 3952 766 4018 declinant
796 3976 814 4018 a
845 3956 1001 4020 mandatis
1032 3957 1167 4040 domini,
1199 3959 1272 4043 quia
1304 3960 1410 4025 solum
1440 3958 1471 4022 in

490 4055 621 4137 speculo
652 4058 803 4142 scripture
836 4080 922 4125 sacre
951 4060 1090 4141 discitur,
1122 4076 1247 4127 tenetur
1282 4077 1312 4126 et
1343 4065 1474 4128 docetur

489 4156 648 4261 sapiencia
671 4163 905 4230 mandatorum.
1484 4187 1516 4241 35

485 4326 665 4441 'medimna
678 4330 798 4390 quadrata.
887 4346 919 4390 ¹7·
933 4334 967 4378 Αι
982 4335 1143 4392 quantitatem.
1198 4330 1230 4379 ιδ.
1241 4335 1262 4378 Α
1276 4334 1301 4379 ln
1311 4346 1398 4391 marga
1412 4333 1475 4380 Nota
