3262 5226
331 467 390 550 ¹84
870 475 1041 529 sortiturus
1060 477 1209 530 wreus.
1397 457 1534 547 [canu

351 653 404 699 rue
416 651 511 698 ciunt
587 638 736 702 Secundo
757 635 882 698 videtur
905 633 994 718 quod
1017 632 1172 696 nonlicet
1194 633 1279 695 clero
1296 632 1437 695 insistere
1454 632 1535 696 circa
1547 643 1626 712 154⁶]

327 707 534 853 tull-llln'eilllitp
543 735 704 827 privilegia
718 755 842 805 terrena
856 735 1037 800 cuiusmodi
1047 738 1195 801 videntur
1216 757 1283 800 esse
1299 736 1533 821 exempcione's,

334 812 526 918 ffllllssrllns
544 845 750 932 prerogative,
778 841 984 927 proprietates
1021 856 1051 905 et
1090 842 1246 905 seculares
1283 841 1533 922 dominationes,

355 914 512 1012 ''lam''
544 971 621 1016 cum
649 949 794 1012 videntur
821 966 996 1030 repugnare
1022 944 1194 1029 privilegiis
1226 944 1343 1007 Christi
1375 965 1440 1029 que
1468 965 1534 1007 non

544 1055 618 1120 licet
640 1052 794 1117 amittere.
1546 1063 1560 1116 5

331 1172 537 1228 &ematosa-re
590 1157 651 1222 llic
673 1156 798 1238 dicitur,
822 1154 927 1240 primo
950 1169 1110 1239 quantum
1134 1155 1173 1217 ad
1197 1153 1419 1238 exemptiones
1435 1152 1536 1237 quod,

344 1224 524 1338 slltlol'lu'llrl's
546 1262 620 1326 licet
642 1260 809 1324 videantur
837 1279 906 1322 esse
930 1260 1014 1322 male
1036 1259 1074 1323 de
1097 1280 1221 1344 genere,
1250 1274 1356 1323 tamen
1379 1256 1536 1342 contingit

330 1342 384 1388 may
400 1336 538 1373 sometimes
630 1365 638 1378 .
882 1363 889 1377 .
923 1364 930 1378 .
958 1363 965 1377 .
1031 1363 1039 1378 .
1225 1363 1243 1378 ..
1346 1363 1352 1376 .
1511 1360 1518 1373 ·

350 1380 520 1437 mengone
546 1367 711 1430 subditum
740 1365 821 1428 bene
845 1379 890 1427 uu
923 1364 984 1426 tllts
1015 1381 1097 1428 sicut
1131 1379 1162 1428 et
1192 1364 1262 1426 alus
1295 1363 1416 1427 actibus
1444 1361 1537 1425 malts

379 1443 491 1492 pm
547 1474 586 1534 de
601 1486 730 1554 genere3
753 1483 801 1533 est
815 1469 902 1532 enim
917 1483 1028 1531 contra
1038 1470 1160 1552 regulas
1170 1468 1300 1533 ecclesie
1311 1464 1538 1550 triumphantis

547 1575 635 1660 quod
645 1575 716 1660 quis
726 1573 765 1637 sit
775 1587 952 1657 exemptus,
970 1593 1008 1635 ne
1019 1573 1163 1657 superior
1172 1572 1330 1637 illuminet
1344 1571 1537 1651 inferiorem,
1549 1599 1581 1636 ιο

547 1693 579 1742 et
601 1678 644 1741 ita
666 1691 776 1741 contra
798 1676 922 1762 regulas
945 1691 1056 1741 nature
1087 1693 1135 1742 est
1165 1678 1253 1762 quod
1286 1677 1432 1740 subditus
1464 1675 1503 1740 sit
1518 1679 1611 1753 l154⁸

548 1796 723 1865 exemptus,
755 1802 795 1845 ne
826 1795 962 1844 tucatur
983 1781 1032 1844 vel
1061 1782 1234 1866 corrigatur
1261 1802 1317 1866 per
1340 1781 1539 1864 superiorem

547 1886 581 1951 in
604 1907 678 1951 casu
701 1906 767 1970 quo
790 1885 894 1948 deviet
917 1884 967 1949 vel
990 1884 1163 1971 delinquat.
1189 1886 1281 1951 Unde
1304 1885 1428 1948 videtur
1451 1885 1538 1948 idem

547 1991 703 2075 inpetrare
726 1989 915 2074 oppositum
938 2006 970 2055 et
992 1990 1154 2054 lucilerine
1170 2010 1301 2079 querere
1317 1989 1482 2053 licenciam
1497 1990 1537 2052 ad

548 2097 761 2180 peccandum;
784 2093 901 2158 diaboli
925 2093 1012 2157 enim
1027 2094 1164 2178 exempti
1182 2109 1257 2158 sunt
1280 2115 1298 2156 a
1314 2094 1366 2157 tali
1384 2093 1537 2178 regimine
1551 2105 1581 2158 ι5

549 2215 580 2264 et
602 2197 652 2286 (ut
674 2220 736 2283 ego
758 2196 868 2284 credo)
890 2220 910 2261 a
933 2198 1198 2283 privilegiaeione,
1227 2197 1303 2284 quia
1326 2198 1413 2262 nulla
1436 2200 1536 2262 excel·

550 2304 649 2368 leneia
671 2324 771 2390 quam
794 2303 912 2366 habent
935 2303 1018 2366 cedit
1041 2302 1222 2387 dampnatis
1246 2305 1285 2364 ad
1301 2304 1425 2366 bonum
1450 2304 1537 2383 utile,

550 2410 604 2472 sed
627 2422 754 2472 econtra
777 2406 859 2472 beati
882 2423 958 2470 sunt
980 2428 1106 2470 summe
1132 2404 1332 2491 privilegiati,
1354 2405 1387 2470 in
1411 2423 1539 2472 tantum

549 2513 637 2597 quod
669 2510 797 2575 nullum
827 2510 1028 2595 privilegium
1060 2511 1109 2575 vie
1137 2511 1219 2574 valet
1249 2509 1384 2594 homini,
1417 2512 1476 2574 nisi
1499 2514 1538 2576 de

550 2631 671 2701 quanto
686 2630 832 2701 preparat
846 2617 885 2679 ad
902 2617 1105 2700 querendum
1120 2616 1321 2701 privilegium
1336 2617 1434 2701 regni.
1453 2617 1539 2695 Quia
1550 2643 1584 2679 so

551 2738 656 2785 tamen
668 2721 825 2806 contingit
834 2721 1014 2805 prepositos
1025 2723 1152 2786 ecclesie
1163 2744 1231 2786 esse
1241 2723 1378 2786 ceeiores
1387 2722 1541 2788 ducendis

551 2827 601 2889 vel
623 2825 713 2889 inniti
737 2825 770 2887 iu
793 2825 978 2889 visitacione
1002 2825 1094 2890 fastui
1117 2828 1167 2890 vel
1190 2828 1318 2911 questui
1341 2828 1414 2912 plus
1443 2849 1541 2913 quam

552 2929 755 3010 correccioui,
784 2929 857 2992 ideo
880 2930 1007 3012 expedit
1030 2951 1086 3014 per
1113 2931 1257 2996 accidens
1279 2954 1298 2997 a
1322 2932 1438 2997 talibus
1460 2947 1540 2997 tem·

553 3033 671 3117 poralis
693 3033 869 3116 exempcio.
893 3035 969 3096 Non
985 3047 1093 3097 autem
1113 3035 1205 3100 debet
1220 3037 1291 3100 talis
1307 3057 1374 3099 esse
1389 3054 1542 3121 perpetua

554 3137 614 3201 nisi
637 3137 767 3219 cognito
790 3138 879 3221 quod
902 3151 1059 3221 perpetuo
1082 3139 1140 3202 erit
1162 3141 1342 3224 prepositus
1370 3141 1470 3223 deses,
1493 3142 1540 3204 in·
1554 3149 1585 3200 25

554 3242 637 3304 scius
660 3242 708 3304 vel
731 3262 844 3304 avarus
901 3241 953 3304 uia
976 3241 1065 3305 aliter
1102 3258 1137 3307 ut
1166 3245 1274 3308 recitat
1297 3244 1529 3310 Lincolniensis

350 3361 421 3404 noos
436 3361 537 3415 pietates
555 3346 616 3409 hoe
632 3291 858 3408 inconvenienl
878 3263 1063 3430 (slequerctur
1078 3241 1166 3432 cluod
1182 3351 1417 3433 quantumlibet
1440 3246 1544 3415 bouul

340 3412 547 3521 ⁰llllpllll⁰sl⁶
556 3463 665 3533 pastor
688 3449 798 3512 videns
815 3465 1000 3533 exemptum
1016 3454 1210 3535 strangulare
1233 3475 1319 3536 oves,
1343 3476 1402 3538 pro
1427 3455 1544 3539 quibus
1574 3488 1577 3494 ·

412 3517 483 3560 nm
558 3554 665 3616 reddet
688 3553 850 3617 racionem
873 3554 905 3616 in
929 3554 980 3618 die
1003 3554 1122 3638 iudicii,
1157 3578 1222 3619 non
1255 3560 1383 3623 audebit
1415 3574 1545 3646 propter

558 3657 800 3740 exempcionem
823 3680 905 3742 pape
928 3660 1083 3742 exagitare
1100 3662 1148 3723 vel
1165 3677 1316 3726 exterrere
1338 3663 1434 3748 lupos
1458 3688 1542 3729 mor·
1556 3672 1589 3724 3ο

558 3762 668 3824 dentes
691 3776 757 3826 tam
773 3763 917 3847 nequiter
933 3785 1009 3826 oves
1026 3786 1107 3829 suas.
1133 3766 1204 3828 Hoc
1224 3781 1332 3828 autem
1357 3789 1422 3831 non
1439 3785 1545 3853 potest

559 3864 619 3927 diei
641 3865 840 3950 privilegium
863 3868 916 3930 sed
933 3883 997 3930 rete
1013 3868 1217 3933 diabolicum.
1236 3870 1328 3934 Unde
1343 3871 1545 3958 privilegium

560 3965 640 4031 loret
672 3968 766 4031 eximi
790 3992 808 4032 a
832 3970 1051 4034 iurisdiecione
1083 3972 1152 4036 talis
1184 3993 1276 4058 pape,
1312 3974 1337 4037 si
1370 3975 1463 4041 luerit
1490 3981 1546 4062 qui

602 4272 618 4304 r.
633 4261 653 4304 Λ
669 4259 691 4304 lu
707 4272 795 4315 marga
816 4259 927 4306 Secunda
947 4260 1065 4308 oblecelo.
1171 4266 1195 4309 6.
1215 4269 1237 4313 Α
1253 4267 1276 4312 iu
1291 4280 1378 4322 πιπτει
1400 4266 1548 4326 Responsio:

562 4328 622 4373 Nota
637 4337 719 4374 contra
729 4331 893 4387 esempclnnes
902 4330 1014 4375 continue
1028 4332 1094 4379 intra.
1137 4366 1141 4373 .
1168 4347 1244 4393 ηας.
1260 4337 1291 4381 tu
1306 4340 1359 4394 ptus
1375 4362 1397 4371 -
1410 4339 1548 4396 esempclos

563 4398 637 4443 deest.
741 4402 778 4443 stt.
798 4402 818 4445 Α
838 4400 862 4444 ln
881 4411 968 4455 masna
990 4400 1172 4450 lincolniensis
1279 4407 1308 4454 31.
1328 4406 1357 4452 us
1380 4416 1458 4465 potest
1474 4408 1590 4455 deest'
