3262 5226
271 303 431 397 cenna]
645 326 692 377 na
710 320 887 377 accrastn

158 497 184 552 o
207 499 263 564 ¹73⁸
273 482 413 545 multum
441 481 632 545 contendere
654 483 710 546 sed
733 480 954 547 conclusiones
977 499 1137 563 expressas
1160 478 1260 564 ipsius

273 586 426 670 scripture
448 586 599 650 omnibus
625 588 730 650 modis
759 586 935 650 defendere.
975 585 1015 648 Et
1047 604 1132 647 error
1164 582 1260 647 huius

272 689 432 753 sentencie
473 689 546 753 lecit
586 691 727 755 divinam
768 688 962 774 theologiam
1003 687 1188 772 contempni
1228 702 1260 753 et

272 794 356 877 leges
383 810 503 858 exteras
531 795 673 877 exaltari;
706 796 746 859 de
778 815 844 879 quo
876 791 1080 877 conqueritur
1108 792 1260 856 dominus

248 915 328 982 sper
364 899 552 982 prophetam
590 899 673 963 Osee
705 900 805 980 Vlll⁰,
848 918 898 961 12:
945 897 1104 974 Scribam,
1146 896 1259 982 inquit,

271 1005 302 1065 ei
339 1004 533 1085 rnnltiplices
567 1003 657 1088 leges
690 1023 780 1067 meas
814 1023 877 1087 que
906 1001 994 1065 velat
1035 1003 1140 1066 aliene
1172 1021 1284 1066 eom··

264 1117 381 1190 putate
403 1115 490 1171 sunt.
524 1106 563 1171 Et
587 1128 691 1171 revera
714 1129 767 1172 rex
799 1122 831 1172 et
856 1107 905 1170 lex
928 1127 984 1169 sua
1013 1127 1081 1169 sese
1100 1106 1135 1170 in
1162 1106 1257 1170 dilec-

201 1212 361 1295 173‘cione
385 1226 416 1274 et
439 1212 516 1275 odio
530 1207 549 1247 ⁸
565 1227 814 1297 consequuntur.
838 1213 879 1276 Et
900 1211 958 1274 hec
982 1223 1028 1273 est
1047 1232 1141 1274 causa
1155 1209 1258 1274 tocius

271 1314 469 1378 confusionis
502 1315 639 1397 ecclesie,
676 1318 775 1401 quod·
801 1314 955 1379 claudicat
988 1315 1061 1400 plus
1092 1315 1257 1378 intendens

230 1418 330 1503 relegi
353 1418 538 1483 humanitus
561 1419 761 1502 superaddite
784 1440 881 1504 quam
903 1418 1018 1484 divine.

233 1536 261 1590 P
314 1524 355 1586 Et
378 1524 402 1587 si
426 1537 576 1607 queratur
598 1524 651 1586 ubi
675 1523 708 1586 in
733 1523 884 1608 scriptura
905 1521 1053 1587 fundatur
1074 1523 1124 1586 lex
1147 1543 1255 1606 supra·
1305 1537 1442 1597 Scriptura

270 1628 353 1690 dicta
378 1626 514 1691 fundans
541 1627 747 1692 dotacionem
771 1626 909 1707 ecclesie,
933 1627 1046 1690 dicitur
1067 1628 1157 1711 quod
1182 1591 1489 1694 lun-rll¹lil⁸e¹⁵iivl⁰eit

270 1731 361 1794 dacio
395 1731 680 1816 proporcionaliter
704 1732 745 1794 ad
773 1732 839 1794 eius
863 1731 1076 1794 necessitatem
1104 1729 1255 1795 fundatur
1275 1756 1278 1761 ’
1296 1696 1456 1746 mmm

269 1836 422 1918 implicite
446 1836 477 1898 in
509 1836 564 1899 illo
589 1837 674 1899 Luce
689 1837 797 1917 -XVF’,
821 1851 855 1920 9:
886 1835 997 1899 Facite
1021 1837 1110 1900 vobis
1133 1838 1255 1899 arnicas

229 1940 308 2010 tsde
331 1960 517 2004 mammona
545 1941 734 2024 iniqnitatis,
758 1941 843 2004 etin
866 1941 922 2003 illo
946 1941 973 2003 1¹
995 1941 1081 2004 Tim.
1106 1940 1174 2021 V10,
1202 1954 1253 2025 17:

269 2046 430 2109 Divitibus
456 2046 553 2108 huius
575 2046 678 2109 seculi
705 2047 838 2129 precipe
871 2064 935 2108 non
963 2046 1100 2109 sublime
1121 2064 1252 2127 sapere,

269 2168 328 2213 nec
342 2169 479 2232 sperare
494 2151 526 2213 in
544 2153 659 2213 rnerito
675 2150 882 2227 diviciarum,
904 2150 964 2213 sed
974 2150 1084 2235 sacile
1099 2151 1253 2229 tribuere,

269 2268 300 2317 et
330 2253 362 2317 in
394 2254 450 2317 illo
481 2255 565 2317 Luce
588 2255 642 2335 X0,
675 2257 706 2337 5,
737 2269 772 2339 7:
804 2255 843 2318 In
876 2274 1100 2339 qtrarncunqae
1122 2255 1253 2319 domurn
1331 2290 1334 2294 ·

268 2359 470 2422 intraveritis
492 2359 537 2421 ilri
568 2369 693 2422 manete
716 2360 846 2424 edentes
867 2370 897 2424 et
922 2360 1062 2424 hibentes
1083 2380 1146 2444 que
1175 2370 1253 2444 apat

226 2464 343 2532 20illos
364 2473 457 2526 sunt:
482 2463 603 2549 dignus
634 2474 682 2527 est
704 2466 788 2528 enirn
813 2467 988 2547 operarius
1011 2465 1160 2529 mercede
1180 2484 1252 2529 sua.

268 2570 444 2652 Nunquam
484 2582 592 2631 autern
631 2566 756 2631 fundari
797 2583 902 2652 potest
929 2567 961 2630 in
984 2568 1137 2652 scriptura
1165 2571 1252 2654 quod

267 2672 450 2737 sacerdocio
474 2672 592 2736 Christi
616 2672 784 2737 conveniat
808 2672 989 2737 dominacio
1012 2673 1110 2736 civilis
1126 2687 1157 2737 et
1172 2672 1254 2738 sicut

268 2799 333 2841 non
356 2791 404 2841 est
424 2778 684 2841 contendendum
699 2777 784 2842 circa
798 2778 959 2863 sequelam
975 2791 1061 2842 tante
1076 2777 1252 2843 dotacionis

268 2903 305 2945 ex
342 2882 504 2967 scripturis
542 2902 616 2945 curn
653 2882 767 2946 merito
804 2881 1000 2964 clericorum,
1031 2882 1075 2947 sie
1106 2904 1173 2946 non
1205 2896 1253 2947 est

224 2987 526 3055 escontendendum
563 2986 643 3050 circa
694 2985 892 3051 ablacionem
939 2988 1006 3051 eius
1051 2987 1076 3050 si
1117 2987 1250 3068 eveniat,

265 3091 324 3154 nisi
349 3089 430 3154 lorte
454 3091 493 3154 de
516 3104 638 3175 quanto
661 3091 793 3155 docetur
816 3113 853 3155 ex
876 3091 1030 3176 scriptura
1051 3093 1140 3177 quod
1162 3090 1249 3157 aule·

265 3199 337 3259 r‘ens
375 3195 497 3259 excedit
534 3194 678 3277 regulam
710 3194 846 3261 caritatis
877 3196 924 3260 vel
956 3198 1042 3281 quod
1077 3197 1250 3281 occupacio

263 3299 394 3362 illorum
431 3300 594 3361 bonorum
626 3320 684 3383 per
717 3300 838 3364 clerum
869 3300 950 3386 loret
981 3315 1087 3364 sancte
1121 3300 1249 3365 ecclesie

264 3402 382 3470 utilior.

220 3522 254 3576 30
307 3507 423 3572 Tercio
454 3507 596 3592 arguitur
633 3529 690 3593 per
725 3508 786 3573 hoc
818 3510 905 3595 quod
941 3509 1122 3573 dominacio
1151 3510 1248 3575 civilis
1292 3523 1435 3573 ouantem

1256 3575 1472 3637 anuetsaper·

263 3626 310 3675 est
332 3610 471 3694 perlecta
493 3626 558 3677 tam
581 3634 599 3675 a
625 3613 753 3678 Christo
776 3636 874 3699 quam
889 3636 906 3677 a
922 3614 1118 3697 philosophis
1134 3636 1247 3700 appro·
1265 3627 1461 3738 tbequqqppetpq

261 3716 349 3800 bata;
380 3717 562 3802 perfecciori
592 3738 667 3802 ergo
700 3718 780 3803 parti
812 3719 939 3783 ecclesie
977 3719 1070 3781 debet
1107 3732 1247 3803 potestas
1277 3746 1343 3832 mqrrp
1354 3733 1453 3833 pache?

261 3821 315 3885 illa
337 3821 463 3885 inlundi
491 3842 547 3907 per
570 3821 736 3887 Christum
756 3844 776 3887 a
798 3844 864 3910 quo
887 3838 934 3889 est
960 3823 1065 3887 omnis
1096 3837 1245 3908 potestas.
1288 3798 1413 3885 pctmren.

302 4125 329 4158 tt.
343 4115 365 4159 Α
380 4113 403 4159 la
418 4125 505 4172 marga
529 4113 637 4172 Questlo.
657 4111 718 4159 Nota
739 4114 905 4161 fundacionear
927 4116 1057 4163 dotacionis
1077 4130 1107 4163 ea
1125 4118 1178 4175 lege
1194 4118 1247 4164 Del.

261 4181 294 4229 ²3.
317 4183 347 4228 us
370 4195 417 4229 non
436 4191 473 4230 est
486 4183 671 4230 concedendam.
804 4185 835 4232 n.
857 4186 888 4231 uz
908 4188 1085 4233 concedendurn
1103 4187 1165 4234 eirea
1183 4188 1246 4235 able·

260 4251 355 4299 etonem
370 4255 399 4300 el.
505 4250 541 4298 ³0.
555 4254 578 4298 A
592 4251 616 4298 ln
631 4265 719 4311 marga
733 4252 820 4301 Tercle
832 4255 947 4303 obleecle.
