3262 5226
695 638 867 697 tollamus
882 638 1033 695 vrtmr.
1186 617 1385 714 [car.xvn.·

374 824 475 871 uuam
486 812 610 889 partem
624 796 867 889 quantitativum
887 794 1081 865 uniformem
1103 796 1209 885 quoad
1232 794 1355 860 tubiec·
1367 807 1427 865 185⁸
1439 809 1469 865 tt

373 922 447 977 tom
466 919 500 974 et
519 918 659 991 tempua,
669 903 726 971 aed
738 902 835 968 aliam
848 914 973 989 partem
986 902 1230 990 quantitativum
1245 900 1356 967 utrim-

374 1030 440 1099 que
468 1008 659 1077 difformem.
694 1006 732 1073 ln
761 1004 862 1093 patria
892 1018 1002 1071 autern
1031 1019 1108 1072 aunt
1137 1004 1253 1093 singuli
1284 1003 1355 1070 fidei

374 1114 555 1197 uniformia,
577 1132 653 1179 cnm
673 1108 717 1177 ibi
738 1107 940 1175 evacuabitur
962 1106 1192 1197 imperfectum.
1215 1109 1249 1176 Si
1271 1107 1357 1175 enim

375 1220 515 1287 eundem
535 1216 683 1283 lrtbitum
708 1212 782 1280 fidei
802 1212 837 1279 in
859 1232 997 1281 numero
1017 1213 1154 1281 omnino
1174 1212 1382 1300 aimpliciters

374 1322 471 1391 habet
491 1321 628 1409 quilibet
648 1317 847 1401 elttirtianua,
877 1318 1024 1405 requitur
1046 1320 1136 1407 quod
1157 1318 1209 1385 ille
1232 1318 1359 1383 habitur

374 1448 458 1517 eque
483 1424 622 1514 perfecte
646 1422 867 1491 denominaret
893 1421 1075 1489 rubieetum
1105 1444 1202 1490 enum
1233 1423 1358 1489 credere

375 1546 414 1601 ut
432 1530 515 1597 aliua
533 1528 731 1619 quintoque
766 1525 882 1593 Omnia
903 1525 991 1593 enim
1015 1527 1152 1616 qualitaa
1173 1525 1359 1593 denominat

373 1636 556 1705 subiectum
594 1652 691 1699 auum
728 1630 870 1719 pritnum
892 1622 1083 1697 *recundum
1113 1632 1165 1700 aui
1197 1629 1359 1713 ultimum,

374 1740 452 1828 qnia
474 1736 615 1805 variatio
640 1735 860 1823 diepoaicionia
889 1732 1057 1803 refluet*
1070 1737 1206 1824 gradum
1231 1734 1358 1799 habitur
1372 1747 1430 1804 185·

374 1858 408 1911 et
428 1843 474 1909 ric
495 1842 605 1929 iprum
625 1840 780 1907 habitum.

156 1963 226 2013 rou
238 1962 261 2011 o
272 1961 315 2009 n·
328 1968 367 2008 aar
418 1946 462 2014 Et
482 1945 543 2013 iata
563 1958 613 2012 eat
638 1943 800 2011 rentencia
812 1943 996 2031 Auguatini,
1018 1965 1087 2010 non
1109 1944 1196 2032 quod
1217 1942 1304 2008 idem
1326 1943 1360 2009 in

156 2012 512 2167 &wi-‘numero
537 2048 656 2117 acilicet
685 2034 775 2115 retur
798 2049 849 2114 vel
876 2048 1005 2115 habim·
1025 2047 1100 2115 fidei
1125 2048 1166 2115 rit
1187 2047 1361 2113 formaliter

191 2128 218 2169 ⁸⁹
376 2158 410 2223 in
440 2153 571 2221 divertio
600 2152 755 2241 petronia,
777 2153 853 2240 quia
874 2167 951 2219 tuuc
979 2152 1120 2242 quelibet
1140 2151 1266 2217 illatum
1288 2152 1370 2238 per-l

375 2279 531 2327 tonorum
552 2256 635 2325 foret
652 2254 731 2322 fider
745 2256 894 2345 quelibet
916 2258 1010 2323 lidae
1031 2257 1120 2322 euim
1141 2276 1206 2322 non
1230 2268 1279 2321 est
1300 2254 1359 2321 niti
1373 2272 1403 2325 15

375 2384 549 2453 petromtn
570 2361 697 2429 credere
717 2360 769 2425 vel
782 2360 909 2448 dirponi
923 2362 965 2425 ad
979 2362 1182 2427 credendum.
1205 2359 1269 2426 Sed
1283 2350 1360 2423 fider

378 2464 794 2558 quecrediturertveritata
804 2465 1003 2545 credentibut
1011 2465 1122 2532 oliena.
1138 2466 1180 2531 Et
1192 2463 1360 2550 ricqutm·

375 2573 427 2639 vir
441 2570 577 2638 infidelia
592 2570 692 2637 eciam
707 2568 861 2657 dyabolua
876 2570 982 2636 credat
990 2570 1155 2636 veritatem
1166 2568 1239 2635 fidei
1254 2567 1360 2634 catho-

377 2677 448 2761 lice,
480 2688 724 2761 verumptamen
746 2674 924 2739 rotundum
951 2688 1075 2761 partem
1096 2688 1149 2740 eat
1164 2671 1300 2739 infidelia
1330 2685 1362 2737 et

377 2782 508 2849 rrcione
528 2777 671 2845 mortalit
692 2778 788 2844 habet
808 2776 906 2844 fidem
926 2794 1111 2865 corruptam
1132 2792 1164 2845 et
1178 2777 1361 2843 informem.
1373 2810 1406 2848 ,ο

378 2888 446 2953 Nec
460 2884 555 2952 refert
570 2883 678 2971 quoad
693 2882 780 2947 illam
794 2881 1030 2966 informitatem,
1041 2883 1107 2948 rive
1117 2882 1195 2948 fidet
1208 2879 1362 2967 acquisita

379 2991 473 3057 fuerit
492 2990 558 3054 eive
572 2986 686 3069 inluta,
705 3001 742 3052 ut
755 2987 898 3073 loquitur
912 2987 1076 3053 decretalis
1098 2988 1131 3052 in
1154 2985 1363 3054 Clementinir

379 3098 428 3162 De
437 3093 732 3163 SummaTrinitate
743 3106 773 3158 et
782 3093 858 3157 Fide
866 3091 1041 3170 Catholica,
1052 3092 1190 3177 capitulo
1197 3091 1363 3172 Ftrmiter,

380 3202 487 3266 dicent
514 3200 605 3288 qnod
628 3196 809 3283 regulariter
832 3195 909 3261 fides
932 3195 1110 3263 infunditur
1131 3197 1165 3261 in
1188 3195 1363 3282 baptismo;

381 3306 468 3392 qnod
491 3325 552 3389 ego
579 3303 673 3368 credo
699 3302 739 3366 de
761 3302 850 3367 omni
877 3301 1090 3388 predestinato
1111 3302 1168 3367 rite
1192 3301 1362 3386 baptizato.
1375 3320 1406 3375 25

424 3410 466 3473 Et
488 3408 514 3472 ri
537 3420 688 3494 queratur
709 3408 839 3491 quando
873 3406 1055 3491 regulariter
1085 3407 1194 3473 incidit
1226 3406 1299 3491 qnia
1330 3405 1399 3480 ino

380 3511 600 3578 infidelitatem
623 3524 654 3575 et
675 3512 805 3595 qnando
829 3524 970 3575 remanet
985 3509 1096 3575 ,fidelia
1119 3510 1202 3577 filine
1225 3510 1363 3590 ecclesie,

381 3617 497 3682 dicitur
526 3616 616 3704 quod
642 3614 804 3701 tripliciter
833 3615 949 3679 dicitur
976 3616 1048 3701 quis
1071 3636 1138 3681 etse
1161 3618 1200 3681 de
1223 3614 1364 3697 ecclesia,

382 3719 465 3787 aicut
485 3719 650 3804 tripliciter
681 3719 794 3784 dicitur
820 3739 886 3783 etse
914 3718 1043 3782 ecclesia
1069 3733 1173 3804 preter
1198 3719 1364 3785 ecclesiam

384 3823 642 3907 nuncupativam.
679 3822 795 3908 Aliqua
825 3822 910 3887 enitn
939 3837 986 3887 est
1008 3823 1198 3888 convocacio
1221 3822 1387 3897 fideliumt

384 3929 561 3994 secundum
594 3927 671 4013 quid
700 3928 751 3992 vel
781 3928 822 3991 ad
849 3940 977 4011 tempus
1003 3925 1052 3990 vel
1080 3927 1164 3993 nude
1189 3930 1367 3993 secundum

425 4111 456 4162 tl.
469 4113 487 4161 b
501 4114 526 4161 ln
540 4126 630 4172 matta
650 4113 720 4161 Nota.
734 4116 757 4160 A
771 4112 789 4160 B
802 4114 827 4161 ln
841 4125 930 4171 marta
944 4110 1008 4170 ind
1022 4119 1057 4159 eet
1070 4110 1136 4159 ldae.
1242 4111 1273 4160 rs.
1286 4115 1309 4159 A
1323 4113 1367 4172 A,t

384 4184 447 4232 forat
466 4183 576 4244 quelibet.
680 4183 716 4231 ro.
734 4186 757 4230 A
774 4185 799 4230 ln
815 4194 905 4240 torret
925 4181 1033 4240 Queatlo.
1138 4192 1176 4242 tp.
1196 4182 1215 4229 n
1235 4182 1260 4229 la
1279 4194 1368 4240 natat

386 4252 492 4301 Solucln.
505 4252 554 4300 All
564 4256 589 4299 tn
600 4264 689 4310 marg-t
702 4252 764 4300 tlota
778 4255 841 4313 quod
856 4252 978 4309 tripliciter
990 4251 1075 4298 dicitnr
1087 4252 1141 4311 qula
1155 4251 1185 4299 da
1198 4251 1297 4299 weletla
1307 4251 1370 4300 elcut

388 4323 513 4383 tripllcltar
525 4322 613 4370 dlcltat
626 4325 671 4379 (At
684 4323 785 4381 capltnr)
797 4320 901 4369 uetula

433 4480 474 4534 ²4
483 4464 573 4520 Notio
584 4464 763 4531 Clementlnla,
773 4464 821 4520 but
829 4465 857 4518 in
866 4465 943 4518 Dect.
953 4464 1032 4532 Greg.
1041 4464 1084 4532 lx,
1093 4464 1138 4521 lib.
1148 4465 1170 4533 l,
1180 4464 1219 4520 tlt.
1237 4464 1257 4533 l,
1274 4479 1332 4535 cap.
1349 4465 1370 4520 l.

386 4552 429 4609 31.
446 4550 486 4607 Cf.
506 4550 635 4606 lobaoola
651 4550 758 4622 wyclil,
777 4553 815 4606 lle
833 4551 911 4606 civlll
928 4551 1054 4606 Domlnlo
1076 4567 1137 4624 pta.
1156 4549 1215 4607 aaa
1236 4572 1241 4597 τ
