3262 5226
704 437 875 492 tonsurus
892 435 1040 490 wrcrra.
1225 409 1306 503 [can.
1316 421 1356 467 vr.

785 800 879 866 CAP.
901 799 954 865 Vl.

172 1024 193 1059 ι
204 1008 253 1057 w,
264 1011 325 1057 „m
336 1020 362 1061 ,ο
424 975 488 1039 Sed
510 974 612 1039 adhuc
628 973 762 1038 instatur
775 972 909 1038 finaliter
928 971 1115 1036 deducendo
1130 971 1169 1034 nd
1185 957 1361 1035 conformia
1375 985 1434 1048 144·
1448 980 1475 1034 A

164 1063 373 1164 'gwfflss
382 1078 640 1145 inconveniencia
661 1079 700 1142 ad
716 1078 823 1164 qunlia
837 1078 1002 1143 adversarii
1018 1079 1227 1143 deducuntur.
1251 1075 1385 1141 Primo!

165 1169 468 1280 ‚fflm‘ffdenim
489 1183 613 1247 videtur
633 1185 721 1269 quod
733 1183 864 1248 ecclesia
877 1195 1043 1268 tamquam
1052 1197 1233 1247 monstrum
1247 1181 1362 1247 habeat

212 1274 328 1320 '‘¹⁸²¹'‘
381 1290 469 1354 mille
490 1287 602 1373 capita,
617 1302 649 1353 et
670 1287 713 1352 sic
736 1289 777 1352 de
791 1288 859 1351 aliis
882 1287 1032 1352 membris
1048 1301 1250 1352 monstruose
1266 1286 1386 1351 fabri-5

381 1392 468 1475 catis,
490 1406 521 1457 et
543 1392 587 1458 sic
609 1391 689 1457 loret
709 1392 806 1457 simul
827 1391 917 1478 virgo
945 1406 976 1457 et
1002 1390 1240 1476 corruptissima
1265 1412 1360 1478 syna-

166 1516 216 1563 un
228 1516 266 1562 ue
279 1515 371 1563 muro
381 1519 463 1583 goga
484 1510 516 1562 et
538 1495 654 1562 Christi
676 1496 816 1561 ecclesia.
833 1496 894 1561 Hic
917 1495 1030 1561 dicitur
1045 1492 1096 1584 (ut
1111 1492 1198 1585 sepe)
1215 1497 1360 1582 negando

167 1568 597 1687 alel¹¹¹2⁰1⁸ll¹t.assumptum;
620 1622 694 1665 nam
716 1622 782 1666 non
799 1600 953 1687 sequitur:
977 1600 1039 1666 lata
1054 1601 1154 1686 capita
1170 1615 1246 1666 sunt
1259 1601 1360 1684 istius,

167 1672 371 1788 ‘illie‘lt'l‘
381 1706 627 1771 demonstrando
649 1720 790 1772 sanctam
816 1721 950 1771 matrem
978 1705 1150 1788 ecclesiam,
1179 1727 1254 1792 ergo
1285 1719 1361 1771 sunt

179 1778 357 1889 amifini-
380 1811 483 1896 capita
510 1810 610 1893 istius,
633 1831 690 1875 nec
722 1810 878 1897 sequitur:
911 1810 974 1875 lsta
995 1820 1071 1876 sunt
1093 1794 1195 1896 capita
1226 1811 1361 1875 istorum
1375 1837 1405 1875 ιο

166 1882 370 1982 nibblis.
381 1915 436 2002 qui
458 1931 533 1982 sunt
553 1915 612 1980 ista
635 1916 774 1998 ecclesia,
797 1936 872 2002 ergo
895 1929 969 1980 sunt
984 1915 1087 2001 capita
1108 1915 1204 1980 huius
1219 1916 1360 1998 ecclesie,

381 2021 455 2106 quia
475 2035 551 2087 sunt
572 2021 673 2105 capita
687 2021 822 2087 istorum
837 2020 1031 2108 singillatim.
1056 2022 1097 2085 Et
1111 2035 1218 2086 tamen
1234 2022 1361 2086 nullum

382 2147 492 2191 eorum
515 2141 563 2192 est
594 2140 688 2210 caput
716 2125 862 2192 istorum.
893 2126 945 2190 Ad
978 2127 1041 2190 hoc
1074 2146 1149 2210 ergo
1180 2128 1269 2211 quod
1298 2126 1392 2194 sinte

381 2231 482 2317 capita
497 2231 635 2315 ecclesie,
650 2246 776 2316 oportet
798 2233 886 2318 quod
908 2231 1036 2296 ecclesia
1059 2232 1171 2296 habeat
1185 2231 1238 2293 illa
1252 2230 1363 2294 omnia

382 2352 413 2403 et
433 2336 559 2421 singula
590 2349 755 2421 tamquam
789 2336 856 2401 eius
887 2336 999 2421 capita.
1032 2335 1117 2400 Cum
1147 2336 1233 2400 enim
1266 2349 1403 2423 caputrs

381 2441 467 2507 iuxta
489 2441 693 2506 Aristotelem
719 2441 842 2507 dicatur
862 2442 903 2505 ad
933 2441 1063 2526 aliquid,
1095 2453 1182 2526 patet
1212 2441 1363 2526 sophistis

381 2547 469 2632 quod
483 2566 550 2610 non
562 2545 718 2630 sequitur:
735 2547 807 2610 Hoc
822 2558 928 2630 caput,
942 2544 994 2610 hic
1008 2560 1098 2631 pater
1110 2546 1160 2609 vel
1175 2546 1237 2612 hoc
1258 2567 1362 2611 mem·

381 2651 474 2716 brum
495 2663 543 2714 est
564 2649 759 2733 huiusmodi,
783 2670 858 2735 ergo
880 2664 928 2715 est
949 2664 1056 2735 caput,
1080 2664 1170 2736 pater
1184 2651 1235 2715 vel
1257 2672 1360 2715 mem·

167 2768 230 2817 ‘rae
244 2770 358 2830 crucan,
379 2755 472 2820 bmm
487 2754 580 2838 illius,
603 2775 662 2819 nec
672 2755 828 2841 sequitur:
844 2755 916 2820 Hoc
930 2769 977 2820 est
991 2769 1087 2839 caput
1108 2756 1250 2820 naturale
1264 2755 1389 2823 huiusb

189 2824 341 2921 &liiii
380 2858 544 2945 capitanei,
567 2857 725 2925 existentis
749 2872 845 2943 caput
868 2861 938 2923 date
960 2859 1099 2941 ecclesie,
1125 2880 1201 2946 ergo
1228 2860 1290 2925 hoc
1313 2875 1404 2926 estro

210 2928 357 3078 :l'el‘effi
379 2977 475 3048 caput
496 2962 580 3027 illius
609 2964 746 3030 ecclesie.
778 2965 852 3028 Non
877 2963 964 3028 enim
990 2977 1115 3048 oportet
1140 2966 1361 3051 equivocando

162 3033 264 3147 elifii
273 3085 413 3130 viraoaarn
436 3067 547 3152 capite,
570 3069 596 3134 si
619 3069 680 3134 hoc
703 3069 744 3134 sit
766 3084 861 3154 caput
885 3069 1006 3153 capitis,
1028 3085 1105 3134 tunc
1119 3070 1181 3135 hoc
1205 3086 1252 3137 est
1265 3085 1362 3155 caput

160 3137 217 3234 lii
233 3138 370 3235 &blial
380 3171 595 3259 cuiuscunque
618 3173 745 3258 capitati
767 3175 806 3238 ab
827 3173 883 3237 illo
906 3173 1016 3259 capite,
1032 3189 1063 3239 et
1081 3176 1363 3260 correspondenter

380 3277 419 3341 de
459 3278 527 3342 aliis
559 3278 717 3343 membris.
749 3279 899 3358 Quelibet
935 3278 1022 3342 enim
1053 3301 1124 3364 pars
1159 3280 1390 3365 predestinatio

380 3397 485 3466 potest
511 3383 571 3447 dici
594 3406 666 3469 pars
696 3383 837 3470 corporis
860 3384 999 3466 ecclesie,
1021 3385 1146 3449 nullum
1177 3400 1283 3449 tamen
1314 3399 1405 3452 estas

381 3487 561 3553 membrum
584 3489 710 3552 ecclesie
734 3488 794 3552 uisi
818 3509 951 3572 persona
966 3489 1186 3573 predestinata,
1210 3504 1241 3555 et
1255 3489 1361 3554 omnis

380 3592 450 3657 talis
486 3606 533 3657 est
570 3596 751 3658 membrum
790 3593 918 3658 ecclesie
958 3593 1040 3658 sicut
1080 3593 1363 3679 proporcionaliter

380 3696 549 3761 dicendum
572 3712 619 3763 est
641 3698 673 3761 in
695 3698 838 3762 humano
866 3717 1007 3782 corpore.
1031 3698 1073 3762 Et
1093 3689 1180 3782 patet
1206 3699 1295 3784 quod
1321 3700 1362 3762 ad

380 3800 529 3866 noticiam
552 3800 635 3866 illius
650 3801 779 3866 materie
794 3803 834 3865 de
856 3816 963 3901 sancta
977 3816 1076 3867 matre
1092 3802 1220 3867 ecclesia
1241 3803 1362 3866 nedum

380 3918 506 3990 oportet
526 3904 604 3969 scire
626 3904 823 3991 theologiam
845 3920 877 3972 et
891 3906 958 3970 iura
968 3906 1129 3988 canonica,
1152 3908 1208 3970 sed
1223 3906 1404 3978 omninon,

379 4009 525 4096 logicam,
550 4009 703 4095 phisicam
725 4025 757 4076 et
784 4012 920 4076 ethicam
940 4031 1003 4096 que
1025 4032 1137 4076 omnes
1160 4010 1362 4076 subserviunt

418 4226 475 4278 &A
488 4229 512 4277 ln
525 4243 613 4288 mareu
643 4231 721 4280 Prima
741 4233 856 4280 obleoclo.
973 4245 994 4291 7.
1012 4235 1036 4280 Α
1055 4233 1079 4280 ln
1100 4244 1188 4289 marga
1221 4216 1361 4292 Responsio.

380 4311 410 4346 ιι
423 4301 570 4358 singularius
583 4303 615 4350 lta
628 4305 681 4349 cod.
695 4305 718 4349 Λ
731 4313 755 4351 et
768 4303 795 4350 Β.
808 4306 851 4361 Ap
872 4303 998 4361 sigillatim.
1099 4303 1130 4350 rb.
1146 4302 1179 4348 aa
1193 4302 1223 4349 de
1240 4301 1362 4361 sophistis.

380 4370 790 4428 17.1e.u=meuornnennurua
877 4372 913 4418 ιδ.
927 4375 948 4418 Α
962 4373 985 4419 ln
1001 4385 1089 4432 marm
1115 4371 1283 4419 Correlarlnn.
