3262 5226
205 511 277 560 cnr.
291 496 368 590 xva]
582 520 627 572 on
643 519 826 589 ,ecclesus
1240 483 1243 487 .
1363 500 1425 588 37Ι

95 690 127 744 K
141 689 202 744 180·
211 676 368 760 exemplo.
391 675 476 740 Nam
498 676 650 741 dominus
666 679 790 764 Symon
808 679 929 765 Hyslep
944 676 1204 762 archiepiscopus
1212 686 1313 785 Aa?
1332 687 1356 733 te
1370 687 1400 734 ot

210 780 445 846 Cantuariensis
484 779 627 848 fundavit
665 806 768 848 unum
804 784 979 868 collegium
1011 782 1044 846 in
1077 781 1261 846 Oxoniawd
1275 739 1432 850 hiulvllt‘sn‘l

210 888 281 970 plus
313 886 366 970 pia
398 885 591 968 intencione,
615 903 651 952 ut
674 889 855 953 evidencius
882 889 1021 952 creditur
1042 906 1142 972 quam
1166 887 1206 950 de

210 991 402 1056 fundacione
430 991 649 1078 cuiuscunque
678 993 824 1057 abbatbie
850 992 882 1056 in
907 990 1035 1078 Anglia,
1058 1006 1091 1055 et
1120 989 1206 1053 ordi·
1274 977 1278 984 ’

184 1095 294 1160 §novit
325 1098 415 1180 quod
446 1097 478 1160 in
511 1119 547 1162 ea
580 1098 639 1161 sub
674 1097 778 1162 forma
809 1097 959 1162 laudabili
992 1097 1142 1161 studeant
1159 1095 1207 1169 ⁴ad

209 1201 381 1265 utilitatem
401 1202 533 1266 ecclesie
556 1224 634 1287 pure
657 1202 760 1266 clerici
785 1204 952 1285 seculares,
975 1203 1065 1288 quod
1088 1214 1120 1267 et
1143 1199 1207 1265 lac·

207 1319 277 1368 tum
301 1320 356 1372 est.
389 1306 432 1371 Et
455 1327 530 1370 cum
552 1307 622 1390 ipso
646 1322 775 1371 mortuo
809 1306 994 1393 symoniace
1017 1326 1094 1370 cum
1116 1325 1207 1369 com·

208 1409 323 1474 mentis
372 1411 528 1474 mendacii
578 1432 725 1475 eversum
775 1427 823 1478 est
867 1425 935 1476 tam
980 1409 1027 1495 pii
1076 1409 1206 1496 patroni

208 1515 411 1600 propositum
443 1530 474 1580 et
506 1516 566 1579 illis
598 1517 735 1602 expulsis
766 1516 859 1602 pauci
890 1517 944 1580 alii
974 1537 1043 1580 non
1079 1527 1208 1602 egentes

168 1622 263 1684 rosed
294 1620 415 1685 diviciis
448 1619 612 1685 affluentes
644 1622 855 1705 irregulariter
887 1619 1063 1687 introducti
1096 1633 1207 1685 contra

208 1727 371 1791 decretum
404 1742 535 1810 captum
567 1747 604 1789 ex
635 1727 727 1791 dictis
759 1726 841 1791 beati
872 1725 1039 1807 leronimi,
1063 1724 1207 1809 positum
1301 1720 1306 1730 '

208 1830 278 1894 llll·
299 1825 346 1915 ‘q.
379 1830 420 1894 ll:
463 1829 577 1893 Gloria
613 1832 754 1915 episcopi
790 1842 838 1896 est
870 1850 1061 1916 pauperum
1092 1830 1207 1914 opibus
1268 1901 1271 1906 ,

202 1935 390 2018 providere,
424 1936 603 2020 ignominia
630 1937 807 2000 sacerdotis
835 1947 880 2001 est
898 1935 1048 2020 propriis
1074 1933 1207 1999 studere

207 2038 339 2104 diviciis.
357 2040 488 2104 Etcum
506 2055 649 2123 pretextu
666 2040 751 2104 illiue
768 2039 832 2104 luci
848 2040 1015 2125 sophistici
1033 2039 1205 2123 episcopus

166 2149 238 2207 riet
260 2165 357 2208 suum
372 2144 550 2228 capitulum
573 2159 647 2209 sunt
670 2166 734 2208 una
756 2166 893 2229 persona
915 2168 933 2208 a
956 2167 1022 2230 qua
1049 2144 1206 2208 nonlicet

207 2249 341 2312 alienare
379 2249 466 2313 bona
504 2249 587 2313 illius
625 2249 765 2330 ecclesie,
796 2250 855 2313 ista
887 2271 1029 2333 persona
1059 2247 1206 2313 vendicat

207 2353 294 2418 bona
320 2354 404 2417 illius
428 2354 554 2439 collegii
577 2353 782 2439 proprietatis
805 2354 978 2437 possidere.
1002 2353 1098 2419 Unde
1126 2374 1204 2418 con·

208 2458 378 2522 solendum
416 2459 541 2523 videtur
576 2459 712 2522 domino
753 2458 982 2544 Wyntoniensi
1022 2472 1058 2523 ut
1099 2472 1207 2523 caveat

208 2561 290 2627 banc
321 2565 491 2630 cautelam.
528 2565 633 2652 Credo
672 2578 780 2629 autem
817 2566 907 2649 quod
942 2565 1047 2628 dictus
1080 2564 1205 2649 Symon
1237 2579 1358 2628 dissolvet
1373 2583 1408 2641 ty

165 2670 350 2750 ropeccavit
374 2670 540 2734 fundando
556 2670 678 2734 dictum
701 2669 883 2754 collegium,
908 2671 963 2733 sed
987 2689 1056 2731 non
1079 2681 1207 2732 tantum
1242 2634 1401 2743 fflllllil

208 2789 366 2856 quantum
399 2775 592 2860 Antisymon
625 2774 680 2858 qui
714 2775 822 2859 ipsum
853 2774 1051 2854 dissolverat,
1082 2773 1138 2837 sed
1169 2785 1206 2837 ut

207 2879 303 2941 credo
336 2899 504 2963 nunquam
536 2878 596 2942 luit
626 2878 756 2942 ecclesia
788 2877 993 2962 appropriata
1026 2877 1058 2940 in
1088 2876 1206 2961 Anglia

207 2982 258 3046 vel
289 2982 452 3067 possessio
485 2982 519 3045 in
551 2998 738 3066 perpetuam
772 2982 983 3045 elemosinam
1013 2980 1204 3047 mortificate

206 3085 284 3170 quin
308 3086 534 3171 appropriacio
557 3087 662 3170 sapuit
685 3101 852 3169 peccatum
873 3086 1071 3150 altrinsecus.

170 3194 197 3248 1⁴
250 3192 388 3257 Ulterius
415 3213 475 3275 pro
500 3192 629 3256 materia
650 3192 828 3276 argumenti
851 3190 1042 3271 affectarem,
1065 3189 1091 3253 si
1116 3190 1424 3262 beusrnounsqm
1465 3231 1468 3234 ⁴

1210 3266 1283 3303 tosee
1294 3257 1422 3317 alleppm
1519 3274 1521 3277 ·

205 3295 375 3361 decreverit
411 3296 504 3381 quod
542 3317 606 3359 non
648 3295 730 3360 loret
752 3294 799 3386 in
837 3316 937 3379 regno
976 3309 1091 3370 nostro
1128 3295 1199 3359 talis
1222 3309 1338 3367 pourton·
1352 3312 1402 3358 aad

1230 3362 1398 3409 endon-ente
1481 3376 1486 3386 ·

153 3455 157 3462 .
206 3399 410 3464 ecclesiarum
432 3400 655 3485 appropriacio
679 3401 728 3462 sel
759 3400 942 3464 reddituum
971 3399 1198 3483 temporalium
1208 3422 1311 3461 coneto
1320 3427 1350 3460 ιιι
1363 3416 1423 3463 end.

204 3501 425 3585 mortificatio,
447 3506 503 3567 sed
530 3506 618 3590 quod
646 3518 733 3569 totus
756 3504 857 3568 clerus
879 3504 1019 3567 vivendo
1042 3524 1121 3588 pure
1143 3524 1197 3567 ex·

205 3607 409 3693 proprietarie
438 3608 478 3671 de
507 3608 647 3689 decimis,
675 3608 898 3672 oblacionibus
931 3625 962 3673 et
985 3608 1117 3692 privatis
1140 3608 1204 3671 ele·

162 3712 340 3775 lemosinis
355 3711 395 3776 sit
409 3725 596 3796 contentus;
612 3715 757 3797 quamvis
775 3713 861 3777 enim
880 3714 959 3777 illud
980 3734 1049 3777 non
1070 3712 1204 3777 dixerim

206 3838 262 3902 per
284 3817 420 3879 modum
444 3817 670 3899 conclusionis,
694 3820 749 3882 sed
771 3840 828 3902 per
850 3818 935 3882 viam
952 3818 1156 3882 condicionis
1171 3833 1204 3882 et

245 4087 277 4121 ro.
291 4074 323 4120 Bt
338 4072 461 4128 lrregulsrl
476 4074 612 4120 introducti.
719 4074 752 4122 25.
767 4077 789 4122 Α
804 4075 828 4121 io
843 4087 930 4131 meran
951 4073 1092 4120 Concluslo.
1113 4071 1202 4119 Contra

205 4147 354 4206 dotationem
368 4145 458 4196 (Belou
473 4144 524 4191 180·
536 4145 635 4190 without
648 4147 715 4192 mark
729 4146 758 4193 ol
769 4145 907 4201 reference).

253 4376 275 4413 r.
293 4359 389 4428 Comp.
410 4357 535 4425 Lechler,
561 4357 666 4411 loliano
681 4373 735 4410 von
748 4356 843 4411 Wiclil
857 4368 921 4409 tom.
941 4357 961 4419 l,
989 4372 1035 4426 pp.
1056 4370 1116 4426 294,
1139 4355 1203 4408 303.

208 4461 248 4500 rr.
267 4447 370 4499 Decreti
388 4447 409 4498 ll
430 4461 501 4515 pers,
519 4460 598 4498 cause
616 4445 670 4511 llll,
688 4461 716 4514 q.
734 4444 767 4512 ll,
785 4459 843 4513 cap.
862 4444 955 4496 txxt.

1080 4528 1130 4595 24*
