3262 5226
755 485 926 538 Jonnnurs
945 482 1094 537 wrcen.
1314 459 1430 554 [cunr

427 643 571 724 pertinet
603 641 659 725 qui
689 641 794 704 estin
826 642 963 705 caritate
987 639 1238 724 compaginatus
1261 639 1429 720 lapidibus
1443 658 1502 711 ηδ’
1516 659 1544 713 D
1588 530 1630 731 i

432 746 530 823 viris,·
543 747 598 829 qui
613 756 720 807 autem
738 746 908 809 caritatem
925 764 990 808 non
1006 743 1168 825 habuerit,
1180 742 1302 827 finatis
1312 762 1429 826 perse·

432 851 582 915 uerancie
597 850 730 912 ruinam
736 847 841 934 sacit,
863 849 923 913 sed
944 848 1062 913 domus
1083 857 1158 911 stat.
1183 846 1224 908 Et
1239 858 1315 930 post
1336 847 1430 912 docet
1578 804 1609 1023 ³
1617 742 1630 957 i

434 954 522 1037 quod
546 973 642 1015 nemo
665 951 759 1016 debet
783 973 820 1017 ex
842 965 988 1037 pretense
1010 949 1177 1035 potestatis
1197 949 1314 1013 vicarit
1336 970 1429 1034 pom·
1603 960 1626 1029 1

433 1078 507 1143 pare
529 1057 578 1120 vel
601 1055 715 1120 minari
738 1058 827 1141 quod
850 1057 891 1120 ab
913 1078 952 1120 eo
976 1055 1136 1140 dependet
1163 1067 1265 1118 status
1290 1054 1454 1136 ecclesius

434 1161 514 1225 sicut
544 1160 685 1225 fecerunt
705 1160 796 1223 iudei
824 1180 862 1224 ex
888 1158 1046 1223 filiacione
1077 1172 1109 1222 et
1142 1157 1258 1221 merito
1291 1157 1428 1242 Abrnhe,
1577 1000 1630 1285 ζ

435 1264 509 1351 quin
531 1265 601 1330 filiis
623 1263 808 1328 imitatione
830 1263 986 1329 virtutum
1009 1276 1039 1326 et
1062 1282 1128 1326 non
1153 1261 1224 1325 filiis
1247 1262 1349 1326 curnis
1373 1263 1428 1326 de·

432 1369 655 1455 generantibus
678 1368 876 1454 promittitur
896 1367 1062 1434 hereditas.
1099 1367 1140 1430 Et
1162 1366 1207 1431 sic
1229 1379 1276 1431 est
1298 1366 1429 1430 indubie
1576 1286 1628 1493 i

432 1477 539 1562 quoad
571 1473 689 1540 Christi
719 1472 862 1538 vicarios.
895 1475 1011 1558 Itaque
1038 1470 1145 1557 inquit
1165 1471 1368 1552 Augustinus
1390 1472 1424 1533 in
1577 1498 1594 1528 :¹
1624 1485 1631 1522 a

223 1566 371 1664 “⁸235
384 1564 413 1611 ⁰¹
431 1583 494 1645 niis
522 1590 570 1644 est
598 1580 716 1644 domus
738 1578 804 1642 Dei
841 1598 923 1662 quos
951 1576 1188 1662 predestinavit
1211 1585 1242 1640 et
1269 1574 1428 1660 prescivit
1440 1610 1472 1648 ,ο
1575 1522 1631 1654 si}

425 1693 711 1768 perseveraturos,
739 1682 917 1767 dequibus
944 1681 1065 1746 dictum
1089 1689 1152 1745 est:
1189 1679 1251 1744 Ubi
1270 1689 1428 1744 steterunt
1599 1650 1631 1762 ii

431 1789 523 1854 sedes
546 1791 628 1856 eius.
660 1789 703 1853 Et
733 1788 779 1852 hii
809 1788 867 1871 qui
899 1806 963 1850 non
991 1793 1220 1869 perseverant,
1252 1803 1317 1847 non
1348 1794 1425 1847 sunt
1627 1767 1631 1870 1

433 1896 493 1976 ipsi
513 1896 663 1976 ecclesia,
687 1914 752 1958 non
775 1894 839 1976 ipsi
854 1893 1024 1975 pertinent
1045 1887 1090 1952 ad
1112 1887 1197 1951 iliud
1209 1888 1304 1951 modo
1321 1887 1428 1951 taber·
1593 1880 1631 1983 ni

433 1999 585 2063 naculum
609 2010 641 2063 et
661 2011 739 2064 tunc
761 1999 905 2073 domum,
919 1995 978 2060 sed
992 1993 1099 2058 solum
1123 1992 1156 2055 in
1172 1992 1234 2056 iniis
1246 1994 1304 2075 qui
1311 2012 1428 2076 perse·
1581 1972 1598 2084 'i
1610 1943 1631 2037 'i

432 2105 620 2168 uerarerint
642 2122 746 2187 usque
770 2104 803 2166 in
815 2102 934 2187 finem.
1440 2117 1470 2172 ι5
1597 2040 1631 2225 Η

476 2208 567 2272 Unde
599 2207 679 2271 sieut
705 2206 799 2270 Deus
821 2207 941 2270 iurauit
967 2203 1087 2287 Dauid,
1120 2202 1208 2287 quod
1238 2202 1280 2266 de
1300 2201 1462 2288 fructus
1577 2176 1631 2413 ῘΞ

434 2415 573 2502 virginis,
605 2427 637 2479 et
666 2434 724 2499 per
755 2433 965 2498 consequens,
1002 2413 1042 2476 de
1073 2412 1131 2477 illo
1162 2410 1294 2477 homine
1326 2431 1426 2475 manu
1505 2447 1511 2455 ·
1584 2374 1631 2512 Ji

433 2519 520 2608 iorti)
547 2529 689 2603 poneret
720 2538 818 2602 super
848 2518 956 2582 sedern
990 2530 1104 2582 suam:
1136 2516 1179 2581 ita
1209 2514 1325 2580 iur'nvit
1354 2514 1426 2579 tiliis
1573 2482 1587 2552 i
1625 2497 1631 2594 i

433 2625 506 2707 suis,
521 2625 582 2689 sub
596 2622 784 2688 condicione
798 2637 915 2704 tamen,
930 2622 960 2686 si
973 2621 1186 2686 custodierint
1199 2629 1424 2685 testamentum
1436 2652 1470 2691 20
1575 2593 1602 2656 i
1624 2603 1631 2639 ¹

433 2739 464 2794 et
486 2729 668 2795 testimonia
700 2726 827 2792 Christi.
864 2726 914 2792 Ne
945 2725 1051 2811 inquit
1078 2723 1280 2808 Augustinus
1307 2724 1426 2809 aliquis
1569 2661 1631 2867 {i

435 2837 615 2899 minaretur
635 2832 811 2916 promissis
834 2831 898 2894 Dei
927 2840 959 2895 et
985 2832 1020 2893 in
1037 2839 1200 2913 potestate
1231 2849 1294 2894 sua
1322 2843 1426 2914 ponat

434 2938 518 3023 quod
533 2937 688 3021 promisit
710 2936 813 3016 Deus,
837 2945 871 2998 ut
892 2935 1096 3017 impieretur,
1118 2933 1192 2998 ideo
1215 2935 1347 3017 iurauit,
1367 2957 1425 3000 nn·

436 3059 561 3108 nectens
584 3040 818 3121 condicionem,
853 3059 893 3103 ne
916 3043 983 3103 iarn
1006 3040 1167 3125 glorieris
1190 3039 1231 3103 de
1248 3042 1426 3123 promissis
1492 3016 1501 3031 ’
1532 3038 1540 3050 ’
1597 3018 1629 3119 ,¹

434 3160 465 3212 et
486 3149 630 3212 dimittas
652 3156 683 3210 te
706 3165 771 3208 non
787 3141 984 3224 custiodire3
1005 3155 1084 3208 tunc
1106 3144 1285 3229 erisfiiius
1301 3145 1500 3224 Dauid,128⁴

434 3254 464 3316 si
483 3249 693 3315 custodieris:
713 3252 745 3314 si
767 3260 875 3312 autem
900 3267 975 3332 non,
1007 3269 1072 3312 non
1101 3250 1168 3314 eris
1181 3248 1279 3333 fliius
1307 3251 1426 3315 Dauid.
1598 3232 1604 3253 ⁸

435 3357 528 3420 Fiiiis
552 3354 661 3418 Dauid
684 3355 839 3437 promisit
861 3356 967 3436 Deus;
998 3353 1065 3416 noti
1095 3353 1205 3417 dicere
1227 3353 1327 3436 fidius
1353 3374 1426 3418 sum

436 3458 556 3541 Dauid,
580 3461 610 3522 si
632 3459 834 3543 degeneras3
856 3461 927 3524 sola
944 3457 1051 3522 vuidua
1073 3457 1197 3523 sedebit
1228 3458 1262 3520 in
1290 3457 1427 3521 ecclesia

372 3596 378 3606 ·
436 3564 614 3629 benedicta.
648 3565 727 3627 Tota
750 3564 888 3628 ecclesia
912 3583 978 3627 una
1003 3561 1102 3628 uidua
1126 3570 1186 3639 est,
1209 3562 1306 3625 cuius
1328 3581 1427 3625 mem·

261 3650 291 3690 '¹
380 3680 387 3690 '
437 3668 497 3732 ira
521 3677 598 3733 sunt
616 3688 785 3751 pauperes
807 3669 962 3748 saturati,
984 3668 1061 3750 quia
1076 3666 1199 3729 deserti
1220 3666 1343 3729 suntin
1366 3667 1471 3735 nocto
1583 3642 1619 3737 :i

436 3773 560 3851 secuto,
585 3772 673 3857 quod
696 3792 763 3835 non
793 3771 993 3857 desponsant
1014 3769 1211 3834 hereditarie
1238 3767 1297 3833 sed
1327 3771 1427 3834 retin-

439 3888 551 3960 quunt,
575 3897 640 3940 non
663 3886 798 3960 sperant
820 3879 853 3941 in
876 3875 1003 3940 diviciis
1025 3873 1204 3939 nonoribus
1227 3875 1280 3938 uei
1302 3875 1429 3955 amicis,

437 3979 495 4043 sed
514 3982 545 4043 si
565 3980 684 4044 habent
697 3991 929 4066 contempnunt
944 3978 1112 4063 sperando
1133 3998 1221 4061 pure
1233 3979 1267 4040 in
1284 3977 1425 4043 domino.

433 2314 555 2377 uentris
575 2312 630 2376 sui
645 2308 778 2396 (scilicet
792 2308 967 2391 Christum,
990 2307 1047 2393 qui
1072 2306 1132 2372 tuit
1155 2322 1249 2372 natus
1264 2307 1304 2370 de
1320 2319 1427 2370 uentre
1570 2323 1631 2794 'g'

481 4161 506 4203 ⁴·
518 4145 759 4195 Vienrtr.1uoodd.=
774 4149 869 4194 vicarie
979 4159 1012 4194 to.
1026 4149 1050 4193 Α
1060 4146 1084 4192 iu
1100 4157 1179 4203 merge
1201 4146 1286 4193 domus
1301 4145 1353 4190 Det.
1368 4145 1386 4190 B
1404 4146 1428 4192 tn

439 4228 517 4273 margi
531 4217 627 4264 Prescitt
641 4229 688 4263 non
703 4219 820 4275 pertinent
833 4219 863 4263 sd
877 4216 1001 4263 eccieetnrn
1015 4215 1163 4262 carnaticum.
1231 4226 1268 4272 ²9·
1278 4216 1302 4260 Α
1316 4216 1340 4261 tn
1350 4226 1431 4272 murgi

439 4283 500 4331 Tua
514 4286 613 4333 ecclesis
626 4294 662 4332 est
675 4285 755 4332 sidus.
794 4339 801 4351 ·

482 4427 508 4481 9.
527 4412 594 4478 Aug.
613 4411 664 4463 loc.
682 4409 725 4463 cit.
742 4425 803 4480 pig.
825 4410 899 4478 1480.
970 4425 1011 4463 ur.
1029 4409 1099 4463 ren.
1117 4409 1234 4474 cxxxi,
1256 4423 1365 4462 rr-rs.
