3262 5226
205 308 365 403 orexin]
573 322 814 379 osncmssu.
1361 302 1399 364 30

93 509 122 563 n
137 487 301 575 17.⁴huius
310 487 349 551 sit
358 503 542 559 consensus,
552 501 724 545 consensus
735 493 843 543 autem
857 479 929 543 talis
942 491 989 541 est
1004 497 1077 541 cum
1093 476 1196 540 sacili·
1207 488 1272 584 '¹:⁸22
1283 487 1399 585 pacm

208 606 270 656 tate
282 611 362 674 eque
374 585 594 672 dampnabilis,
604 585 727 648 ridetur
736 585 823 669 quod
834 583 878 647 sic
891 582 1069 665 opinantes,
1082 602 1120 644 ex
1129 580 1197 644 hoc
1214 594 1289 639 snare
1297 592 1349 691 di:
1360 593 1397 637 ue

208 696 296 782 quod
307 694 351 759 sic
361 706 464 759 tarent
473 690 575 754 dicere
585 686 634 752 ius
644 708 739 751 suurn
754 686 785 751 e't
798 686 948 750 iniuriam
957 684 991 759 in
1005 705 1069 771 qua
1077 686 1196 769 damp-

210 800 354 863 nabiliter
368 798 554 859 indurantur
567 792 690 857 domini
703 791 902 875 temporales,
923 784 1054 875 peccant
1072 804 1196 853 morte·

185 903 289 975 §iiten
311 904 378 965 Nec
393 902 475 964 salet
490 899 534 962 eis
550 898 666 983 fingere
681 897 769 981 quod
784 897 894 960 beatus
909 894 1058 961 silvester
1073 894 1199 959 remisit

212 1005 424 1070 Constantino
448 1002 620 1083 residuum,
642 1000 716 1086 quia
739 1001 788 1083 (ut
811 1000 870 1063 ista
892 1012 977 1064 secta
1000 999 1099 1063 credit
1114 1013 1198 1063 tam·
1222 1012 1227 1021 ·

211 1130 311 1193 quam
345 1103 551 1193 principium)
574 1127 641 1169 non
663 1106 734 1169 licet
756 1104 872 1169 Christi
896 1103 1015 1168 vicario
1036 1103 1087 1167 vel
1109 1103 1198 1168 clero

213 1234 272 1276 suo
303 1212 353 1276 rel
384 1212 519 1276 alienare
541 1212 591 1274 vel
614 1212 722 1273 cedere
744 1209 802 1272 iuri
834 1208 1016 1292 patrimonii
1045 1206 1198 1288 crucifixi,

214 1317 259 1380 sic
280 1316 426 1381 videlicet
449 1316 536 1400 quod
559 1329 625 1378 tum
647 1314 724 1378 illud
746 1334 845 1398 quam
866 1312 924 1377 sibi
948 1312 1133 1398 equivalens
1154 1310 1200 1377 sit
1282 1374 1287 1383 ,

173 1455 204 1491 ro
216 1421 402 1506 simpliciter
423 1434 511 1484 extra
533 1417 769 1504 possessionem
790 1416 915 1481 civilem
937 1417 1012 1481 cleri
1035 1416 1161 1482 Christi.
1212 1444 1238 1501 ς

143 1544 206 1598 nr
259 1527 349 1605 ltem,
382 1545 440 1589 nec
471 1538 520 1589 est
551 1522 750 1609 privilegium
783 1542 841 1585 nec
862 1521 921 1586 dos
945 1542 1003 1585 nec
1036 1520 1199 1606 possessio
1219 1544 1307 1593 curta
1321 1546 1399 1592 ω..

215 1630 371 1715 adquisita
395 1629 510 1695 Christi
534 1628 651 1693 vicario
681 1626 740 1691 nisi
762 1648 822 1711 pro
845 1647 908 1711 qua
930 1640 1027 1711 caput
1050 1626 1199 1691 Christus
1208 1599 1399 1697 ‘matirwshi'ii

215 1734 316 1799 luerat
347 1733 524 1812 crucifixus,
552 1734 607 1797 sed
630 1730 774 1797 Christus
797 1753 861 1795 non
895 1730 954 1795 fuit
975 1743 1064 1795 tanta
1085 1711 1364 1814 passuscsssifrm‘ss
1375 1716 1399 1800 ἓ

215 1860 274 1924 pro
291 1838 457 1902 dotacione
473 1839 555 1902 civili
574 1839 623 1902 vel
639 1835 769 1902 seculari
783 1856 839 1900 sue
854 1834 983 1899 ecclesie
999 1834 1199 1914 clericorum,
1231 1810 1399 1918 ἵζω

176 1963 291 2026 ,5ergo
315 1943 384 2008 talis
406 1943 534 2008 dotacio
557 1943 607 2006 v'el
630 1941 810 2006 dominacio
832 1938 931 2004 civilis
953 1960 1021 2003 non
1045 1953 1093 2004 est
1119 1959 1201 2024 pure

217 2048 301 2111 clero
325 2047 441 2112 Christi
474 2046 676 2111 conveniens.
704 2051 918 2131 Assumptum
948 2058 1036 2129 patet
1067 2064 1104 2108 ex
1137 2043 1202 2109 hoc

217 2154 307 2236 quod
331 2151 476 2216 Christus
508 2150 623 2215 meruit
645 2152 787 2214 humano
809 2148 916 2236 generi
939 2163 1041 2213 totam
1062 2148 1203 2233 graciam

219 2271 250 2321 et
280 2256 389 2319 omnia
419 2257 460 2320 ad
494 2255 598 2341 ipsam
631 2254 860 2340 consequencia
890 2274 953 2339 que
983 2252 1123 2335 heberet,
1145 2254 1204 2317 sed

220 2360 306 2424 iuxta
337 2360 410 2423 alibi
444 2360 528 2425 dicta
549 2360 618 2423 sine
638 2359 740 2443 gracia
763 2372 793 2424 et
815 2357 941 2423 caritate
963 2378 1031 2422 non
1054 2372 1101 2422 est
1123 2357 1203 2422 sint·

179 2500 211 2536 20
221 2465 341 2549 pliciter
365 2465 446 2530 iusta
462 2466 636 2550 possessio;
660 2485 735 2549 ergo
760 2485 816 2529 nec
838 2466 898 2529 dos
920 2485 979 2529 nec
1001 2463 1204 2549 privilegium

220 2571 301 2635 inest
332 2572 415 2635 clero
446 2569 574 2650 Christi,
606 2570 665 2633 nisi
697 2571 784 2654 quod
816 2568 961 2634 Christus
991 2568 1050 2633 sibi
1087 2567 1206 2633 meruit

220 2676 389 2759 paciendo;
402 2696 459 2738 nec
474 2675 569 2739 credo
586 2672 711 2739 fidelem
722 2674 933 2739 contradicere
943 2673 1018 2739 huic
1030 2672 1205 2738 sentencie:

220 2802 296 2844 nam
318 2799 431 2844 omnes
459 2793 562 2865 patres
585 2779 696 2843 veteris
718 2778 907 2861 testamenti,
930 2799 1045 2843 omnes
1070 2776 1206 2862 gentiles

220 2898 295 2970 post
326 2899 357 2949 et
379 2898 451 2948 ante
482 2884 539 2969 qui
565 2884 615 2947 vel
638 2895 725 2947 erant
747 2881 904 2949 iustificati
926 2884 977 2948 vel
999 2882 1120 2965 salvati,
1140 2881 1205 2947 boc

179 3006 210 3059 25
221 2989 425 3052 obtinuerant
456 2988 572 3052 merito
604 2986 676 3051 fidei
713 3002 745 3052 et
781 2987 938 3073 passionis
966 2986 1095 3070 Christi,
1128 3007 1205 3052 curu

220 3092 309 3156 aliter
346 3092 478 3157 luissent
516 3091 679 3175 dampnati
717 3112 775 3156 nec
807 3113 953 3177 unquam
984 3094 1025 3157 ab
1059 3091 1207 3178 originali

220 3212 353 3282 peccato
368 3196 492 3283 purgati
516 3211 548 3261 et
568 3217 626 3282 per
649 3217 1031 3284 consequensnunquam
1045 3195 1205 3263 iustificati

221 3301 393 3371 moraliter.
493 3375 496 3379 Ι

265 3409 331 3472 Nec
362 3406 497 3472 dubium
530 3407 682 3493 theologo
704 3407 760 3493 qui
781 3406 885 3472 noscit
906 3406 1075 3493 quomodo
1104 3406 1206 3470 homo

177 3529 212 3582 30
222 3512 368 3594 intendit,
384 3526 523 3576 meretur
536 3511 587 3574 vel
603 3510 679 3575 emit
701 3511 805 3597 aliqua
823 3510 1039 3596 principaliter
1053 3523 1084 3575 et
1098 3509 1206 3595 aliqua

222 3616 416 3695 secundarie,
454 3616 626 3682 accessorie
664 3616 714 3680 vel
745 3615 887 3700 confuse,
936 3615 1015 3702 quin
1049 3614 1206 3695 Christus,

222 3722 304 3787 sicut
335 3742 445 3807 passus
472 3736 520 3786 est
542 3730 601 3806 pro
624 3720 845 3806 redempcione
867 3721 971 3785 tocius
993 3718 1136 3802 ecclesie,
1161 3716 1207 3781 sic

222 3841 254 3891 et
285 3846 343 3911 pro
380 3825 603 3911 redempcione
636 3826 803 3890 cuiuslibet
835 3824 970 3889 membri
1001 3824 1050 3888 sui
1083 3836 1116 3889 et
1146 3841 1207 3907 pro

222 3930 366 4015 quolibet
382 3930 468 3995 bono
492 3930 551 3993 sibi
574 3929 644 3995 utili
668 3932 706 3994 ad
729 3930 815 3995 huuc
837 3927 945 3994 finem.
960 3927 994 3993 Si
1018 3927 1106 3992 enim
1128 3925 1207 3991 dici·

262 4188 295 4235 16.
309 4190 332 4235 Α
345 4186 363 4233 ll
377 4187 401 4233 ln
415 4198 504 4245 matus
517 4186 578 4235 uer·
592 4200 636 4248 pto
650 4189 736 4249 qulbus
750 4187 858 4236 Christm
875 4199 960 4247 pessos
974 4194 1019 4233 est.
1085 4197 1120 4246 η.
1130 4185 1166 4232 28.
1176 4184 1208 4232 lts

221 4257 340 4304 inermem
354 4258 492 4303 mensuret.
