3262 5226
729 526 896 581 ronanus
914 526 1061 580 wucmr.
1280 501 1398 597 [esav.

416 684 538 775 temptu
562 688 616 774 qui
639 700 701 751 stat
723 685 756 748 in
777 685 854 770 legis
877 704 938 748 suo
953 682 1160 748 observantia
1181 683 1231 746 vel
1247 683 1400 768 despectu
1413 696 1474 767 ¹⁴²⁸
1497 699 1514 754 ι

418 814 482 858 noo
505 791 538 857 fit
561 790 764 872 scrutinium3
785 789 874 875 quod
896 802 944 853 est
972 787 1101 872 signum
1127 787 1400 852 evidentissimum

417 898 504 985 quod
525 896 603 960 tales
625 893 751 979 superbi
777 891 931 979 prepositi
961 906 1038 958 sunt
1064 906 1151 956 extra
1178 891 1343 957 Christum
1370 905 1402 955 et

416 1022 508 1066 suam
544 996 719 1080 ecclesiam,
748 997 890 1062 membra
923 995 1004 1080 regis
1035 995 1184 1081 superbie
1214 1017 1278 1081 que
1309 1016 1402 1059 suam

417 1106 642 1191 quadraturam
661 1090 837 1168 'ostentant
851 1103 870 1143 *
885 1101 918 1164 in
957 1100 1058 1185 figura
1095 1098 1228 1181 mundi,
1265 1099 1398 1186 figuram
1416 1126 1473 1187 ¹4²·

417 1224 524 1274 autem
545 1206 723 1272 substancia
744 1206 848 1271 divine
869 1205 1099 1291 postponendo
1123 1205 1295 1270 occultant.

198 1327 240 1374 3*
255 1323 396 1385 obiam,
460 1314 574 1378 'l'ercio
596 1310 736 1395 arguitur
757 1309 967 1375 contradicta
988 1310 1028 1373 de
1044 1329 1179 1394 corpore
1202 1309 1331 1372 ecclesie
1346 1329 1442 1393 pern

182 1375 409 1477 ‚amm
418 1417 478 1482 hoc
500 1417 588 1502 quod
610 1414 678 1499 pari
701 1413 859 1478 evidencia
882 1434 947 1499 qua
968 1413 1022 1477 illa
1045 1412 1126 1478 ioret
1152 1433 1256 1478 unum
1274 1434 1403 1498 corpus,

188 1483 256 1581 thid
256 1488 409 1579 lichiam
418 1536 449 1585 et
470 1519 676 1605 congregacio
698 1517 906 1603 prescitorum
922 1517 1128 1583 constitueret
1150 1538 1254 1583 unum
1276 1539 1403 1604 corpus,

418 1644 616 1710 consequens
654 1621 787 1704 laisum,
823 1621 899 1708 quia
932 1643 991 1686 nec
1022 1642 1139 1708 corpus
1171 1624 1313 1688 naturale
1346 1644 1448 1696 aecio

417 1729 587 1811 misticum,
610 1748 649 1793 eo
671 1728 759 1814 quod
775 1748 841 1792 non
863 1726 944 1792 ioret
966 1726 1069 1791 forma
1092 1727 1216 1809 uniens,
1240 1729 1299 1793 nisi
1323 1727 1405 1793 loret

418 1848 592 1919 peccatum,
616 1832 823 1897 illudentem
845 1853 911 1896 non
935 1831 1101 1896 continuat
1123 1834 1180 1896 sed
1202 1824 1347 1918 seiungit.

250 1950 367 1993 Annum
463 1936 523 2001 Hic
545 1936 661 2001 dicitur
683 1957 722 2001 ex
751 1936 813 2001 lide
841 1936 995 2020 scripture
1022 1937 1113 2020 quod
1140 1957 1253 2002 omnes
1279 1937 1403 2022 presciti

197 2001 260 2047 ¹i'he
274 1997 412 2044 totunm
511 2040 520 2056 ,
995 2040 1003 2055 .
1147 2040 1155 2055 .
1250 2041 1257 2055 .

211 2054 248 2099 ao
264 2049 387 2096 romana
420 2054 618 2106 constituunt
640 2061 743 2106 unum
769 2062 895 2127 corpus.
928 2040 1074 2106 cnnstus
1106 2060 1193 2104 emm
1226 2041 1302 2107 dicit
1332 2043 1404 2108 Joh.

277 2101 341 2161 Μ’
419 2147 507 2213 Vlll⁰
527 2166 580 2229 44,
602 2146 709 2211 Judeis
731 2160 762 2211 et
783 2145 996 2231 principaliter
1017 2145 1233 2210 sacerdotibus
1256 2161 1287 2211 et
1300 2147 1405 2230 phari·
1419 2164 1447 2218 25

419 2251 480 2314 aeia
509 2250 564 2336 qui
597 2249 779 2314 dicebantur
809 2271 878 2315 esse
899 2250 1049 2334 capitales
1081 2249 1232 2315 ecclesie:
1274 2252 1334 2315 Vos
1364 2271 1407 2316 ex

414 2364 512 2439 patre
533 2354 663 2419 diabolo
685 2356 760 2420 estis
782 2364 814 2419 et
845 2355 1009 2420 desideria
1036 2356 1148 2438 patris
1178 2357 1278 2420 vestri
1308 2357 1408 2421 vultis

412 2458 540 2542 jacere.
564 2459 612 2522 Ea
634 2479 701 2544 quo
723 2472 809 2544 patet
831 2458 920 2544 quod
948 2472 1075 2544 oportet
1098 2480 1166 2524 esse
1188 2479 1288 2523 unam
1309 2481 1405 2546 gene·

420 2563 579 2628 racionem
602 2583 665 2648 que
687 2561 747 2627 luit
768 2564 851 2627 mala
872 2563 904 2626 in
930 2564 1126 2647 vulgaribus,
1148 2563 1239 2647 peior
1260 2563 1294 2626 in
1316 2584 1406 2630 sccu-

419 2668 536 2732 laribus
557 2667 739 2752 prepositis,
761 2669 816 2730 sed
837 2668 1020 2751 pessimain
1043 2667 1182 2752 prelatis,
1205 2666 1289 2731 sicut
1311 2688 1451 2751 gene-20

421 2771 504 2835 racio
526 2771 686 2835 iustorum
707 2772 882 2836 secundum
916 2785 979 2836 tres
1010 2773 1126 2855 gradus
1162 2769 1329 2857 oppositos
1362 2770 1407 2836 eis

422 2876 704 2961 proporcionaiiter
725 2877 960 2961 correspondet.
994 2876 1028 2940 Si
1051 2897 1129 2960 ergo
1164 2876 1203 2941 sit
1226 2895 1290 2939 una
1312 2895 1408 2959 gene·

422 2979 506 3044 racio
536 3000 767 3065 perversomm,
804 2970 932 3064 oportet
963 2982 1050 3066 quod
1083 2981 1124 3046 sit
1161 3001 1246 3044 unus
1279 2978 1408 3064 iniquus

202 3082 521 3188 ,gssfflffilhwm
543 3083 661 3147 habens
683 3098 785 3168 partes
807 3105 869 3169 que
892 3083 1268 3166 suntmcmbradiaboli,
1285 3097 1406 3148 etcum

422 3207 488 3250 non
509 3201 616 3272 potest
637 3209 704 3251 esse
726 3190 905 3253 membrum
927 3190 977 3251 uel
1000 3203 1096 3273 caput
1123 3188 1182 3252 nisi
1209 3189 1242 3251 in
1270 3209 1399 3273 compa·
1422 3209 1454 3263 ²5

424 3292 548 3355 racione
570 3292 611 3355 ad
641 3306 747 3357 totum
780 3314 894 3377 corpus
925 3293 1096 3377 intcgmm,
1128 3291 1332 3356 manifestum
1364 3308 1411 3359 est

425 3397 511 3481 quod
526 3409 572 3459 est
595 3417 824 3482 unumcorpus
847 3397 977 3479 diaboli,
1000 3398 1082 3461 sicut
1105 3412 1271 3460 estonum
1293 3418 1411 3482 corpus

425 3501 550 3565 Christi.
589 3500 650 3566 Ubi
689 3515 795 3565 autem
826 3522 943 3586 corpus
978 3501 1096 3566 Christi
1130 3514 1262 3565 uocatur
1293 3523 1410 3587 corpus

426 3603 586 3669 misticum
617 3618 747 3689 propter
782 3604 960 3669 misterium
998 3604 1121 3668 celestis
1158 3605 1298 3691 coniugii
1330 3608 1411 3672 inter

426 3707 588 3772 Christum
611 3723 642 3772 et
665 3710 829 3773 ecclesiam
852 3709 981 3790 Christi,
1005 3730 1124 3793 corpus
1139 3709 1256 3773 diaboli
1280 3732 1346 3775 noo
1363 3728 1411 3779 est
1421 3735 1455 3788 30

427 3811 470 3876 sic
492 3812 651 3877 misticum
674 3814 729 3876 sed
751 3815 936 3894 obscurum,
959 3834 1033 3877 cum
1057 3813 1101 3877 sic
1119 3814 1268 3900 coniungi
1281 3817 1411 3883 diabolo

478 4050 499 4097 i.
512 4053 548 4098 A:
562 4052 660 4110 figuram
674 4053 778 4110 ligoram.
863 4067 887 4115 73
899 4054 922 4099 Α
937 4055 961 4099 in
976 4066 1061 4111 marga
1076 4053 1192 4101 iliaiorom
1208 4057 1364 4113 congregacio
1377 4068 1413 4106 eat
1504 4095 1507 4100 .

428 4131 500 4165 uuam
513 4132 598 4179 eorpus
612 4124 715 4168 naturaie
734 4123 792 4168 sieut
806 4124 924 4168 bonorum
939 4132 973 4169 est
987 4136 1060 4169 onum
1074 4136 1162 4182 corpus
1177 4124 1304 4171 misticum.
1319 4129 1413 4184 (Abora

429 4199 476 4244 aaa·
497 4191 594 4237 without
607 4195 673 4238 mari
687 4193 716 4238 oi
726 4192 863 4248 reference.)
924 4204 953 4237 ra.
968 4196 1003 4239 Aa
1017 4194 1132 4240 coutinat.
1204 4191 1234 4240 ti.
1249 4197 1271 4241 Α
1285 4195 1309 4241 io
1324 4210 1412 4257 marga

427 4257 566 4316 Responsio.
676 4275 708 4317 ¹⁴·
724 4262 741 4307 ii
755 4263 778 4309 in
794 4275 868 4319 marg.
890 4276 955 4314 maa,
969 4276 1029 4310 reos
1053 4265 1160 4311 Ecclesia
1173 4264 1355 4322 malignancium
1372 4282 1415 4322 per

427 4339 574 4387 consequens
582 4339 617 4377 ast
626 4343 698 4377 unum
708 4344 802 4390 corpus.
811 4334 834 4378 Α
843 4333 866 4377 in
875 4345 963 4390 marga
972 4333 1069 4393 Triplex
1076 4334 1201 4392 generacio
1212 4336 1281 4380 mala.
1331 4349 1364 4385 aa.
1377 4342 1413 4387 As

429 4402 611 4460 correspondent
632 4402 676 4459 Ap
690 4403 885 4460 correspondent.
978 4405 1014 4450 ab.
1030 4405 1060 4449 iis
1074 4416 1164 4462 corpus
1178 4407 1253 4452 deest.
1331 4409 1368 4456 io·
1382 4410 1414 4457 Bt

428 4466 514 4513 christi
527 4468 600 4517 deest
678 4470 710 4517 ir.
724 4473 821 4519 liscum
835 4472 954 4531 mangi.
1036 4506 1039 4512 -
