3262 5226
124 268 269 362 senne]
501 288 548 343 οε
565 288 745 343 necessu.
769 282 776 291 '

87 468 114 531 7·
122 446 248 511 videtur
291 444 400 508 multis
441 444 609 509 verisimile
652 446 741 531 quod
786 464 917 529 regnum
964 458 1116 511 nostrum

123 552 263 634 pacietur
285 551 318 612 in
341 549 446 631 breui;
477 550 533 613 sed
563 570 638 615 cum
667 570 733 613 non
762 569 836 613 sum
873 549 1030 634 propheta
1058 549 1115 615 cni

123 653 204 717 lacta
236 667 283 718 est
314 653 366 717 illa
396 653 488 733 visio,
524 676 588 719 non
623 674 776 740 presumo
809 653 889 719 illud
922 653 1114 739 sompnium
1123 669 1340 783 affigo&

123 759 266 821 revelare.
306 757 411 821 Credo
441 773 549 822 autem
588 760 676 844 quod
708 759 741 822 in
772 757 932 823 occisione
976 758 1115 823 istorum
1154 774 1315 875 emam

98 862 291 929 §bominum
307 862 477 926 commissa
496 877 583 927 amnt
597 864 755 927 horrenda
771 862 921 944 facinora,
943 863 998 927 sed
1021 883 1113 927 com·
1155 880 1232 925 rate·
1246 882 1315 939 prae·

123 968 325 1050 parationem
357 967 534 1051 gravedinis
567 968 712 1052 ipsorum
742 968 784 1031 ud
817 967 878 1029 alia
905 954 1033 1032 difficile
1063 980 1115 1030 est
1135 931 1185 1028 aa
1221 934 1328 1031 riiduin

121 1085 234 1149 taxare,
266 1091 341 1134 cum
363 1071 529 1134 verisimile
551 1086 597 1136 est
634 1072 722 1158 quod
751 1071 810 1135 alie
833 1070 1033 1156 polluciones
1054 1091 1115 1157 per
1169 1038 1303 1095 ‘mm

122 1175 295 1239 occisiones
317 1189 349 1239 et
371 1170 605 1240 verberacio'nes
627 1178 828 1241 sacerdotum
851 1175 895 1238 ibi
918 1190 950 1240 et
971 1176 1046 1239 alibi
1071 1176 1106 1241 iu

122 1279 237 1363 Anglia
259 1280 450 1344 induxerunt
474 1281 507 1344 in
530 1301 665 1364 regnum
692 1281 827 1344 crimina
849 1280 1003 1363 graviora.
1036 1281 1114 1345 ldeo

87 1384 237 1449 rovellem
275 1386 362 1469 quod
399 1385 508 1448 omnia
537 1385 590 1448 illa
615 1384 748 1449 crimina
770 1384 833 1449 sint
854 1398 1004 1466 correcta,
1035 1385 1115 1469 quis

122 1503 223 1552 certus
256 1510 327 1553 sum
351 1511 388 1553 ex
419 1489 480 1553 fide
510 1489 663 1573 scripture
691 1489 781 1574 quod
808 1503 945 1574 purgato
971 1510 1071 1574 regno
1094 1511 1116 1554 s

122 1592 252 1656 crimine
275 1608 306 1657 et
326 1594 527 1658 reconciliato
543 1595 611 1658 Deo
634 1613 694 1658 suo
718 1614 784 1657 non
808 1607 856 1657 est
877 1590 1116 1678 compossibilis
1201 1592 1207 1603 '

122 1698 287 1761 tribulacio
311 1700 350 1761 ab
370 1701 544 1764 extrinseco
564 1699 613 1762 vel
633 1698 805 1762 intrinseco
828 1697 887 1760 nisi
908 1697 966 1761 sibi
986 1698 1117 1762 cesserit
1196 1712 1208 1735 ⁶

121 1803 160 1863 ad
183 1803 373 1886 proiectum,
407 1805 483 1888 quia
510 1803 542 1866 in
566 1804 715 1867 oracione
738 1802 869 1867 ecclesie
891 1801 936 1866 sic
960 1802 1114 1868 habetur:

87 1907 224 1972 :sNulla
248 1910 279 1971 ei
301 1910 425 1972 nocebit
447 1910 641 1985 adversitas,
668 1909 699 1972 si
722 1906 817 1970 nulla
840 1906 1027 1971 dominetur
1048 1909 1114 1971 ini·

120 2014 238 2093 quitos.
274 2012 411 2077 Ulterius
434 2027 539 2075 tumen
563 2013 637 2097 plus
660 2012 856 2075 credendum
878 2025 926 2075 est
949 2011 1018 2074 vive
1041 2013 1114 2076 voci

122 2116 249 2199 spiritus
272 2117 381 2198 sancti,
405 2138 504 2201 quum
526 2117 627 2180 verbis
643 2117 692 2179 sel
716 2115 876 2200 sompniis
899 2115 997 2199 petris
1020 2138 1113 2181 men·

121 2221 210 2302 ducii,
234 2242 308 2283 cum
332 2224 526 2305 quandoque
544 2222 688 2285 inmiscet
703 2242 826 2302 verum,
849 2234 885 2284 ut
909 2220 1010 2303 magis
1026 2219 1113 2286 iruu-

121 2328 264 2389 dulenter
279 2328 423 2409 decipiat.
441 2328 622 2392 Videndum
638 2340 685 2390 est
701 2347 738 2388 ex
749 2325 851 2388 verbis
868 2325 1023 2410 scripture
1052 2346 1115 2410 pro

87 2460 110 2492 ιο
120 2431 235 2514 quibus
251 2433 386 2515 pcccatis
402 2432 560 2514 contingit
578 2452 749 2516 regnorum
768 2430 956 2513 destruccio,
979 2444 1011 2494 et
1025 2444 1115 2515 patet

120 2557 156 2598 ex
173 2536 259 2598 dicto
279 2536 427 2620 sapientis
445 2535 649 2599 Ecclesiastici
666 2537 712 2598 X⁰
727 2535 818 2620 quod
835 2533 990 2598 iniusticie
1004 2538 1115 2620 quoad

122 2641 224 2703 Deum
242 2655 273 2704 et
287 2641 398 2705 iniurie
413 2643 521 2725 quoad
540 2640 724 2724 proximum
743 2655 819 2702 sunt
838 2660 931 2702 causa
952 2639 1114 2725 precipua.

122 2746 162 2807 Et
184 2766 257 2808 cum
281 2748 320 2809 ad
337 2767 442 2829 regem
464 2745 599 2828 pertinet
622 2746 654 2807 in
678 2766 777 2827 regno
792 2763 853 2806 suo
869 2759 1044 2829 utrumque
1058 2764 1113 2808 ex»

121 2851 272 2934 tinguere,
289 2866 374 2933 patet
390 2850 476 2934 quod
492 2850 624 2913 omissio
639 2849 721 2933 regis
741 2849 773 2911 in
789 2848 976 2931 corrigendo
991 2849 1114 2912 clerum

87 2971 109 3022 15
122 2956 185 3016 suis
208 2954 388 3017 elemosinis
412 2957 593 3017 abutentem
618 2968 649 3017 et
671 2954 703 3015 in
727 2954 916 3038 corrigendo
938 2953 1112 3017 secularem

121 3059 272 3121 miliciam
305 3080 415 3142 pacem
447 3059 574 3122 ecclesie
610 3059 859 3142 perturbantem,
892 3072 940 3122 est
970 3058 1003 3121 in
1039 3079 1113 3142 rege

122 3185 216 3226 causa
227 3164 386 3247 precipua.
403 3166 464 3228 Sed
478 3186 515 3228 re
532 3164 783 3249 speculatoribus
799 3164 853 3248 qui
870 3163 949 3226 illud
973 3162 1114 3226 dicerent

123 3270 184 3351 regi
209 3286 287 3347 suo;
310 3268 369 3352 ipsi
393 3269 480 3332 enim
503 3270 584 3334 sicut
607 3270 784 3333 sacerdotes
799 3269 897 3332 Judee
920 3264 1113 3332 sant'causs

122 3373 272 3458 precipua
305 3374 538 3458 persecutionis
570 3389 677 3438 nostre
705 3374 846 3455 ecclesie,
878 3373 903 3435 si
936 3372 1112 3456 contingat,

87 3491 196 3541 locum
229 3477 261 3540 in
291 3499 430 3562 quorum
462 3478 605 3563 proiectu
637 3491 700 3542 stat
734 3477 820 3561 regni
843 3478 1047 3561 prosperitas,
1077 3476 1111 3539 in

124 3603 236 3645 eorum
259 3583 383 3646 deiectu
407 3597 467 3646 stat
489 3583 575 3666 regni
598 3582 778 3645 adversitas.
803 3581 987 3645 Sacerdotes
1003 3595 1112 3645 autem

123 3686 179 3748 Dei
213 3687 328 3750 debent
354 3687 590 3750 antonomatice
612 3708 680 3750 esse
711 3685 814 3748 induti
839 3683 1006 3767 iusticiam,
1038 3687 1111 3749 ideo

122 3791 314 3853 declinantes
336 3793 374 3853 ad
396 3791 586 3854 iniusticiam
610 3791 735 3875 gravius
755 3787 901 3852 inficiunt
923 3810 957 3853 se
977 3804 1009 3854 et
1023 3811 1111 3871 suos,

162 4027 193 4059 to.
209 4015 263 4059 Ain
274 4026 361 4069 merge
376 4011 514 4059 Conclusio.
619 4024 649 4056 rr.
665 4011 755 4057 codd:
771 4011 932 4056 reconsilleto.
1038 4021 1075 4056 ro.
1088 4011 1112 4056 Α

123 4086 145 4128 in
168 4097 253 4140 marga
280 4083 397 4128 Iniusticie
419 4085 498 4141 quoad
521 4081 596 4128 Dcurn
627 4092 649 4127 et
680 4080 765 4126 inimic
790 4081 869 4138 quoad
891 4080 1027 4138 proximum
1056 4089 1112 4127 sunt

122 4166 192 4198 cause
215 4152 385 4198 destructionis
410 4153 475 4208 ressnl
508 4153 600 4207 (Above
627 4153 679 4208 167·
702 4151 801 4195 without
827 4151 892 4194 mark
919 4149 948 4196 ol
973 4149 1110 4208 reference).

123 4220 155 4267 ³2.
171 4222 260 4268 Codd.=
275 4223 470 4267 autonommtlee.
