3262 5226
156 601 224 684 ²4⁸
511 576 515 581 ’
689 605 857 660 sounums
875 602 1024 660 wreus.
1215 578 1297 671 [ene.
1311 592 1351 645 ιι.

156 770 452 840 υιιιιιωιιιιιιάαω
480 768 697 849 extrinsecum,
728 763 960 846 affirmativum,
992 761 1176 846 negativum
1208 761 1258 823 vel
1289 760 1352 845 pri·
1368 775 1426 831 ιω·
1434 778 1464 832 R

169 836 337 997 &iiim
315 900 355 933 ars
376 873 528 955 vaurum,
544 887 579 937 ut
588 870 717 935 Matther
727 870 784 951 X0,
800 889 831 952 9,
842 867 956 932 dicitur
969 866 1136 952 quomodo
1147 864 1355 951 privilegiavit

159 950 168 987 ¹
212 941 303 1051 ‘iiiiii
313 940 367 986 ω
376 977 558 1062 discipulos,
572 976 701 1061 quando
717 973 803 1038 misit
823 973 894 1037 illos
916 974 956 1036 ad
978 967 1221 1057 predicandum:
1238 971 1353 1048 Nolite,

376 1080 490 1165 inquit,
515 1080 684 1164 possidere
705 1097 823 1142 aarum
846 1098 950 1162 neque
971 1088 1145 1162 argeutum
1170 1095 1273 1161 neque
1294 1095 1353 1159 pe·

375 1187 505 1249 cuniam
541 1185 573 1246 in
603 1185 694 1268 {onis
714 1183 837 1247 vestris.
860 1181 1026 1264 Privilegia
1048 1195 1156 1245 autem
1179 1180 1378 1265 corporalier

375 1288 507 1373 positiva
522 1286 665 1352 concedit
687 1285 741 1366 eis,
763 1299 799 1350 ut
820 1299 906 1370 patet
922 1285 1007 1349 Luce
1031 1287 1085 1367 X⁰,
1108 1286 1202 1370 7:121
1227 1287 1353 1363 eadem,

375 1392 487 1478 inquit,
519 1391 613 1457 doato
640 1400 766 1456 inanele
793 1390 924 1455 edentes
956 1402 987 1456 et
1016 1391 1156 1455 bibentes
1184 1410 1247 1475 que
1275 1402 1354 1472 aput

375 1499 449 1562 illos
469 1508 562 1576 sunu
591 1496 711 1582 dignus
734 1505 781 1560 est
802 1496 884 1560 enim
909 1496 1083 1579 operarias
1105 1493 1254 1559 mercede
1280 1514 1352 1559 saa.

376 1602 466 1666 Talia
487 1616 594 1667 autem
607 1599 768 1687 privilegia
789 1599 1071 1664 instrumentaliter
1085 1616 1115 1664 et
1130 1597 1352 1664 ministratorie

376 1706 506 1770 concedi
537 1718 671 1790 possunt
704 1725 722 1767 s
752 1704 884 1768 domino
917 1704 1099 1788 temporali;
1131 1707 1187 1769 sed
1210 1718 1257 1768 est
1279 1705 1351 1767 dare
1359 1739 1396 1776 ,ο

376 1809 549 1895 spiritualia
574 1809 733 1895 privilegia
761 1808 889 1893 pociora
912 1829 975 1894 que
997 1807 1142 1873 Christus
1164 1809 1253 1893 prius
1275 1829 1350 1872 con·

376 1913 468 1978 cessit
489 1913 553 1977 suis
575 1912 745 1996 discipulis,
768 1927 804 1976 ut
824 1927 910 1997 patet
924 1912 1054 1978 Matthei
1075 1914 1114 1995 X
1131 1914 1167 1977 8.
1187 1912 1352 1997 Infirmos,

179 2040 218 2090 yet
234 2032 273 2076 ue
287 2032 349 2076 rura
377 2017 489 2102 inquit,
511 2030 632 2098 curare,
662 2027 805 2082 monitos
833 2018 997 2098 suscitate,
1021 2019 1167 2101 leprosos
1190 2017 1353 2098 sitiendate,

156 2096 214 2144 cury
232 2095 327 2144 soemp
328 2082 369 2141 loy

155 2095 354 2243 ,mm
354 2198 367 2231 e
353 2095 527 2187 demones
563 2123 660 2189 eicite
698 2121 788 2184 Talia
823 2136 930 2185 autem
961 2122 1149 2206 potestativa
1191 2122 1352 2207 privilegia

155 2242 207 2336 ma¹
207 2238 328 2336 ‘me‘
327 2246 367 2296 ιρι
375 2226 575 2310 appropriate
602 2226 818 2290 conceduntur
839 2247 856 2289 a
879 2227 1023 2309 domino,
1039 2247 1102 2309 que
1118 2225 1191 2290 licet
1207 2225 1352 2310 princeps
1366 2247 1395 2301 ,5

180 2343 265 2401 signer
278 2342 340 2399 cin·-
376 2345 517 2397 terrenus
548 2351 612 2394 non
649 2344 756 2415 posset
794 2332 974 2414 concedere,
1005 2346 1110 2396 tumen
1146 2332 1351 2396 concedendo

375 2434 559 2519 temporalia
589 2432 749 2518 privilegia
771 2435 976 2518 propriutorie
999 2450 1104 2520 potest
1126 2436 1294 2520 disponere
1317 2450 1352 2501 ut

373 2542 460 2605 Deus
469 2540 618 2604 concedat
626 2538 790 2624 privilegia
799 2532 1023 2622 pociora,sicut
1031 2540 1175 2624 aperiens
1185 2538 1353 2605 fenestram

376 2645 425 2708 vel
448 2664 613 2708 removens
628 2642 799 2728 prohibens
821 2658 866 2706 est
889 2643 1025 2727 occasio,
1041 2646 1125 2707 unde
1142 2644 1252 2708 lumen
1275 2646 1351 2710 solis

375 2770 431 2835 per
452 2750 586 2812 domum
608 2746 792 2811 infunditur.
1363 2783 1397 2818 20

167 2880 232 2927 aue·
245 2894 275 2928 or
277 2880 358 2946 prm
419 2854 511 2917 Ritus
526 2874 599 2937 ergo
615 2851 774 2916 sensibiles
784 2872 865 2936 quos
875 2852 1043 2916 Christus
1035 2853 1169 2919 instituit
1187 2868 1351 2939 tamquam

158 2934 465 3049 ifffiifflssss‘sssigna
497 2956 632 3021 efficacia
665 2954 833 3040 spiritualis
866 2956 1018 3041 privilegii
1053 2973 1128 3023 sunt
1167 2958 1352 3042 diligencius

187 3039 342 3136 '’iaffiissi'i
377 3061 573 3142 obsersandi,
604 3081 678 3124 cum
711 3059 903 3143 impossibile
935 3061 984 3143 sit,
1021 3076 1056 3125 ut
1092 3062 1149 3126 rite
1183 3065 1352 3126 observans

377 3166 433 3229 hec
457 3165 615 3250 privilegia
636 3164 792 3228 sensibilia
808 3185 873 3227 non
889 3165 1133 3250 privilegietura
1150 3167 1220 3230 Deo
1242 3164 1351 3231 intrinss

376 3289 466 3332 secus
495 3291 551 3353 per
579 3268 739 3353 privilegia
769 3269 907 3353 pociora.
941 3270 1015 3333 ldeo
1038 3268 1088 3354 (ut
1110 3271 1174 3334 dixi
1205 3272 1395 3356 proxim025

377 3373 530 3459 capitulo)
552 3388 626 3437 sunt
647 3373 832 3455 diligencius
854 3395 953 3457 quam
975 3375 1160 3440 humanitus
1183 3377 1353 3442 adinventa

376 3476 537 3559 privilegiu
567 3477 770 3557 observanda,
793 3477 874 3541 sicut
894 3493 982 3562 patet
1003 3479 1035 3541 in
1058 3481 1208 3564 parabola
1231 3482 1354 3545 domiui

377 3583 416 3646 de
446 3581 601 3645 Recabitis
623 3602 640 3643 a
663 3580 737 3644 vino
759 3581 987 3647 abstinentibus
1019 3605 1055 3647 ex
1083 3600 1234 3670 precepto
1256 3585 1354 3670 putris

375 3687 424 3750 sui
440 3688 542 3751 Recab
559 3684 607 3771 (ut
622 3685 765 3769 exponit:
781 3686 910 3749 Jeremie
922 3689 1049 3771 XXXV,
1066 3685 1112 3776 8).
1126 3690 1168 3754 Et
1190 3689 1247 3755 hec
1270 3690 1353 3754 racio

376 3786 636 3875 qnare2christi
669 3789 830 3873 privilegia
860 3806 935 3854 sunt
967 3792 1152 3877 diligencius
1184 3795 1351 3876 audienda,
1367 3807 1427 3865 163·

376 3895 495 3957 rectius
538 3894 723 3979 exponenda
765 3909 794 3957 et
834 3894 991 3959 solicicius
1033 3896 1242 3981 defendenda,
1279 3899 1354 3984 quia
1385 3974 1388 3980 Ι

377 4013 412 4061 ut
450 4000 501 4061 illa
534 4012 723 4083 spernuntur
764 3997 926 4062 innitendo
958 4002 997 4063 ad
1030 4001 1100 4083 alia,
1131 4002 1213 4086 perit
1246 4003 1354 4087 religio

377 4102 556 4184 christiana3
571 4117 600 4168 et
619 4102 661 4167 sic
682 4101 804 4165 domini
823 4104 1010 4188 temporales
1029 4119 1176 4171 tenentur
1190 4108 1354 4192 privilegia

416 4321 446 4368 ti.
461 4324 494 4368 As
509 4322 656 4380 approprirtr
666 4324 811 4370 correxitlns
826 4325 982 4383 rpproprirte.
1055 4327 1171 4385 spelm
1186 4327 1354 4385 prepsntorie.

377 4401 407 4436 st.
423 4393 444 4436 Α
458 4390 481 4436 lu
496 4404 581 4448 murga
596 4391 731 4438 conclusio.
746 4392 820 4438 Ritus.
925 4406 961 4448 2⁴·
976 4395 993 4439 Β
1007 4394 1030 4442 in
1046 4408 1133 4454 marga
1147 4395 1214 4443 Ritus
1228 4394 1354 4442 ssuslblles

286 4505 290 4511 ,
377 4458 498 4505 senuero
513 4461 609 4506 lnsritntl
623 4470 677 4508 sunt
693 4463 832 4509 observandi
850 4464 903 4520 plus
924 4476 996 4522 quam
1010 4467 1057 4512 elil.
1135 4464 1173 4513 28.
1187 4466 1223 4512 At
1238 4463 1354 4511 Rrerbltls

376 4529 475 4574 correxit
489 4529 512 4574 lu
525 4529 651 4586 Reerbitis3
666 4530 683 4575 B
698 4532 722 4577 lo
736 4544 821 4591 merga
835 4531 864 4578 ds
877 4529 1002 4581 Reerbltis.
