3262 5226
207 436 359 528 canam]
578 453 626 505 uu
643 452 820 506 acetastt.
853 454 856 459 ·
940 524 949 537 .

94 634 124 687 11
139 630 200 702 1139·
209 614 375 694 excitante,
406 626 438 676 et
460 611 593 673 demum
624 609 840 673 communiter
870 608 904 671 in
935 607 1111 672 elemosina
1132 622 1199 673 tam

209 718 366 804 corporali
389 736 489 801 quam
512 712 667 799 spirituali
691 712 829 798 surrepit
844 711 973 778 allectio
996 733 1078 776 vane
1098 712 1199 798 glorie

209 826 259 889 vel
289 822 382 888 boni
401 820 488 885 utilis
518 817 721 902 temporalis3
744 832 776 882 et
796 814 838 902 (si
862 837 928 880 non
951 816 1057 902 t'allor)
1086 817 1200 881 oculus

213 927 326 993 cesaris
358 924 604 1011 quodammodo
635 921 771 987 inlectus
803 920 905 985 suerat
930 921 964 984 in
996 920 1057 983 hiis
1087 921 1199 986 tribur.

186 1033 296 1112 §Quis
319 1050 400 1114 rogo
423 1027 516 1093 sciret
544 1027 658 1090 docere
680 1028 768 1112 quod
783 1046 872 1092 cesar
884 1026 934 1089 vel
953 1024 1034 1089 alius
1049 1026 1200 1091 dominus

212 1135 359 1200 secularis
382 1133 414 1197 in
444 1133 608 1198 fundando
630 1145 696 1196 tam
729 1132 855 1216 publice
886 1146 1057 1217 perpetuas
1080 1133 1199 1196 elemo-

211 1240 296 1303 sinas
319 1259 384 1302 non
408 1238 544 1303 intendit
563 1258 644 1301 vane
659 1237 795 1322 gloriam
811 1235 1045 1321 solempnitatis
1061 1235 1201 1300 nominis

211 1342 261 1407 sui
280 1357 312 1406 et
334 1341 382 1406 sui
397 1341 519 1427 generis
541 1341 646 1427 longis
668 1341 866 1427 temporibus
882 1336 1086 1406 duraturam?
1102 1342 1200 1419 Quod

212 1448 238 1509 si
273 1447 351 1511 illud
376 1446 591 1531 preponderat
615 1444 789 1510 intencioni
811 1446 946 1527 dextere,
969 1444 1116 1511 faciendo
1136 1446 1199 1509 ele·

173 1550 355 1621 romesinas
377 1553 418 1614 de
441 1549 557 1632 alieno,
579 1563 691 1636 peccat
713 1549 896 1615 mortaliter.
932 1632 935 1637 .
1034 1574 1039 1583 ·

188 1674 203 1727 1
256 1657 297 1721 Et
331 1669 419 1741 patet
450 1657 489 1719 ad
522 1655 660 1720 sormam
691 1654 870 1739 argumenti
893 1656 1099 1721 concedendo
1122 1676 1199 1721 con·

213 1761 392 1826 elusionem
423 1773 455 1824 et
485 1758 664 1845 sequelam:
704 1762 789 1826 Nam
810 1759 950 1824 maxima
971 1760 1145 1826 elemosina
1167 1762 1201 1826 in

212 1865 262 1930 via
287 1879 334 1930 est
356 1879 392 1930 ut
414 1865 487 1950 quis
508 1863 666 1949 relinqunt
680 1864 808 1948 penitus
822 1864 947 1949 ciuilem
965 1866 1200 1951 possessionem

213 1970 245 2033 in
269 1970 394 2035 mundo
417 1984 449 2034 et
471 1982 571 2053 ponat
592 1968 691 2033 vitam
714 1982 893 2052 presentem
915 1991 975 2054 pro
998 1969 1122 2034 honore
1141 1969 1199 2034 Dei

173 2090 244 2144 rset
267 2075 400 2139 utilitate
422 2074 550 2139 ecclesie
572 2074 696 2138 dicente
719 2073 846 2138 Christo
873 2074 1027 2139 lobannis
1049 2076 1118 2155 XV,
1147 2076 1214 2140 132'

213 2181 375 2244 Maiorem
408 2180 578 2243 caritatem
612 2198 706 2242 nemo
738 2178 834 2243 babet
864 2199 962 2263 quam
992 2190 1026 2243 ret
1054 2180 1199 2242 animam

211 2304 304 2348 suam
323 2293 430 2370 ponat
451 2285 523 2368 quis
540 2275 607 2367 prb
629 2284 744 2347 amicis
765 2284 850 2360 suit,
871 2283 941 2348 talis
964 2284 995 2374 ei¹
1016 2284 1070 2348 dat
1091 2284 1200 2349 omnia

212 2390 298 2452 bona
330 2411 388 2454 sua
420 2388 545 2453 lortune
579 2400 611 2451 et
642 2386 753 2451 omnia
782 2387 868 2451 bona
894 2408 951 2452 sua
979 2388 1144 2471 naturalia,
1168 2402 1201 2454 et

213 2515 288 2558 curn
321 2495 399 2558 iusti
428 2503 506 2559 sunl
536 2493 658 2569 narnia,
692 2505 780 2577 patet
810 2494 899 2579 quod
921 2493 954 2556 in
981 2493 1036 2557 tali
1067 2493 1201 2559 dacione

170 2631 203 2667 ιο
214 2597 364 2663 fundatur
386 2597 562 2663 elemosina
583 2597 781 2681 largissima3
803 2611 834 2661 et
857 2612 944 2683 patet
965 2597 1141 2663 conclusio.

256 2703 374 2780 Quoad
419 2702 630 2787 quantitatem
672 2702 823 2783 muneris,
868 2702 977 2786 quoad
1023 2702 1199 2768 libertatem
1208 2723 1291 2770 τιοκ
1303 2724 1361 2770 ἰο
1374 2725 1425 2774 uve

214 2806 401 2872 donacionis
439 2820 471 2871 et
507 2806 615 2891 quoad
650 2805 891 2871 diuturnitatem
924 2807 1078 2890 temporis
1114 2822 1201 2892 patet
1209 2776 1425 2927 miiihki'giii'm

212 2914 303 2997 quod
335 2911 475 2975 viventes
511 2911 756 2996 exproprietarie
787 2910 938 2996 religione
970 2926 1122 2997 perpetua
1154 2913 1200 2978 sa·

213 3016 302 3082 ciunt
339 3016 528 3082 elemosinas
558 3015 750 3101 largissimas
781 3030 813 3081 et
833 3015 1094 3095 ordinatissimas,
1125 3017 1202 3103 quia

171 3142 203 3195 25
214 3124 320 3208 primo
337 3122 525 3186 miserentur
547 3119 654 3184 anime
669 3140 726 3184 sue
742 3106 902 3205 plaeentes
918 3121 998 3203 Deo,
1015 3136 1046 3184 et
1061 3122 1202 3188 secundo

214 3226 363 3291 iacientes
385 3225 559 3310 spiritualia
581 3245 679 3308 opera
702 3223 916 3303 misericordie
940 3224 998 3290 toti
1020 3227 1148 3290 mundo·
1164 3246 1202 3291 ex

213 3332 244 3394 vi
282 3329 521 3395 communionis
558 3342 744 3392 sanctorum
777 3330 850 3413 plus
885 3331 926 3394 ad
958 3330 1114 3395 honorem
1143 3329 1202 3395 Dei

215 3450 352 3522 prosunt
373 3434 503 3499 ecclesie
525 3453 625 3519 quam
648 3432 796 3497 secularis
818 3436 1023 3499 accumulans
1045 3434 1203 3520 quotlibet
1234 3493 1240 3503 .

215 3540 404 3626 temporalia
426 3538 539 3602 domui
562 3537 684 3622 private
700 3540 878 3602 secundum
893 3539 1081 3623 religionem
1101 3534 1204 3623 preter
1224 3555 1277 3604 τιιι
1291 3556 1368 3602 nonu
1381 3557 1412 3604 er

170 3624 430 3730 soerangelicam
462 3645 641 3707 adinventa.
674 3643 768 3706 Unde
799 3643 880 3708 absit
914 3643 1041 3707 fidelem
1079 3644 1203 3707 credere
1212 3609 1313 3720 didimi
1314 3618 1424 3709 ἷῗιῖἓῖι

214 3751 304 3837 quod
327 3747 614 3835 proporcionaliter
635 3746 675 3811 ad
699 3747 909 3832 quantitatem
923 3748 1019 3812 molis
1040 3749 1092 3812 vel
1114 3749 1202 3814 valo*
1260 3721 1369 3760 ’ΝΜ

214 3856 256 3920 ris
279 3854 388 3919 donati
417 3852 450 3916 in
479 3850 549 3915 loro
577 3850 676 3914 seculi
698 3849 871 3916 attenditur
896 3852 1056 3937 quantitas
1082 3853 1203 3918 elemo-

214 3961 282 4024 sine
317 3956 493 4037 donatoris,
525 3974 601 4019 cum
631 3951 795 4018 infinitum
818 3955 972 4020 maiorem
996 3957 1204 4023 elemosinam

214 4064 372 4150 contingit
401 4059 639 4148 quantumlibet
670 4058 778 4124 minus
811 4061 914 4124 valere
927 4060 969 4141 in
993 4061 1064 4125 soro
1095 4062 1202 4159 seculi.

253 4321 274 4369 5.
296 4322 355 4369 Ala
370 4332 458 4377 asarta
481 4318 621 4366 casetano.
728 4330 756 4364 ιι.
776 4320 798 4363 Α
816 4318 839 4364 la
859 4330 947 4376 marga
970 4319 1010 4370 Ad
1030 4327 1202 4376 argumentum.

213 4403 242 4438 ιι.
256 4402 286 4437 ιι.
301 4395 323 4438 Α
337 4394 381 4451 Am
395 4393 502 4439 concede
514 4394 703 4441 correlationem.
968 4408 975 4421 ·
