3262 5226
689 580 861 639 rousrma
877 578 1029 637 wican
1183 555 1267 652 [cit
1281 571 1344 619 ω

355 732 538 827 peccatores
552 760 592 805 ex
604 739 668 805 boc
682 738 772 827 quod
782 726 967 807 dissolvunt
981 734 1132 802 ordinem
1147 734 1291 800 debitum
1307 733 1458 816 ad198·1’

355 864 454 930 quem
462 864 501 909 ex
509 842 713 909 institucione
722 840 871 930 primaria
878 840 1069 906 ordinantur
1080 839 1186 905 subire
1200 839 1347 905 ordinem

355 948 520 1035 puniendi,
551 948 597 1015 sic
625 948 714 1036 quod
740 944 792 1037 (ut
816 945 929 1013 multis
954 942 1095 1033 videtur)
1124 959 1293 1030 peccatum
1314 946 1348 1011 in

354 1066 513 1139 quantum
527 1052 652 1119 bonurn
665 1052 761 1117 babet
774 1050 937 1115 racionem
952 1048 1074 1115 ordinis
1088 1051 1198 1135 quoad
1218 1072 1347 1135 penam,

354 1156 431 1245 quia
452 1159 532 1223 ordo
554 1171 587 1223 et
599 1157 725 1223 bonam
738 1156 848 1243 quoad
870 1153 1139 1241 consequenciam
1154 1163 1372 1221 costenten-5

353 1276 418 1347 tur,
449 1264 534 1328 unde
560 1260 827 1349 congregaciones
853 1260 1027 1327 bominum
1053 1260 1088 1324 in
1115 1260 1232 1345 quibus
1261 1259 1346 1324 ordi-

354 1368 465 1434 nacior
485 1380 533 1434 est
555 1365 633 1433 unio
656 1380 809 1433 vocantur
830 1364 962 1431 ordines
984 1365 1161 1431 secundum
1183 1364 1347 1449 quandam

356 1470 580 1539 excellenciam
605 1468 806 1537 inferioribus
838 1469 1055 1556 exemplarem
1079 1467 1131 1557 (ut
1157 1469 1222 1533 dixi
1243 1468 1345 1554 alias).
1428 1538 1431 1542 ,

163 1588 327 1643 naama
398 1576 548 1642 Secundo
583 1574 869 1661 modo,„sccipitur
896 1575 981 1640 ordo
1010 1595 1071 1662 pro
1100 1575 1200 1659 gradu
1230 1597 1251 1641 a
1277 1577 1377 1639 Deos

144 1641 338 1741 ewell-
354 1680 493 1747 limitato
514 1679 629 1746 clerico
651 1681 692 1745 ad
713 1678 891 1746 differenter
913 1701 933 1745 a
960 1678 1059 1766 laycis
1080 1680 1347 1745 sacramentaliter
1359 1703 1390 1741 ro

139 1744 346 1859 '‘dail''“eniiil
354 1784 613 1869 ministrandum,
646 1798 678 1851 et
709 1783 755 1850 sic
793 1798 870 1850 sunt
901 1798 1027 1869 reptem
1063 1783 1192 1850 ordines
1229 1783 1347 1849 scilicet

354 1888 536 1974 hostiarius,
563 1886 745 1973 cerolerius,
775 1887 885 1971 lector,
918 1886 1083 1972 exorcista,
1111 1890 1346 1975 subdyaconus,

355 1993 712 2081 dyaconusetsacerdos
721 1990 775 2083 (de
785 1992 903 2080 quibua
913 1992 979 2057 dixi
994 1991 1164 2081 superius).
1181 1993 1228 2058 liii
1238 2007 1346 2060 autem

355 2096 484 2163 ordines
501 2099 698 2185 quandoque
719 2111 891 2163 sumuntur
905 2096 1041 2164 limitate
1060 2119 1121 2183 pro
1137 2098 1347 2164 caracteribus

356 2201 538 2268 subiectatis
552 2202 587 2266 in
605 2201 712 2267 anima
732 2216 764 2268 et
784 2203 983 2289 quandoque
998 2200 1170 2287 respiciunt
1185 2204 1347 2289 signacula
1360 2214 1389 2268 15

356 2307 516 2397 sensibilia
543 2307 735 2373 extrinsecus
764 2296 926 2391 distincta,
955 2307 1136 2372 cuiusmodi
1160 2323 1236 2376 sunt
1261 2307 1346 2374 rasio

356 2413 467 2499 capitis
486 2427 518 2480 et
532 2412 628 2478 barbe
649 2408 726 2479 crim
747 2409 905 2477 similibus
927 2411 1026 2499 signis
1047 2411 1234 2478 humanitus
1256 2412 1346 2479 insti·

356 2517 444 2584 tutis.
481 2516 536 2584 lsti
563 2531 673 2583 autem
698 2514 861 2581 sensibiles
882 2530 1055 2582 mrscteres
1076 2538 1145 2583 non
1168 2532 1242 2585 sunt
1265 2519 1346 2583 ordo

362 2621 523 2705 clericalia,
560 2622 636 2709 quis
667 2621 712 2689 sic
741 2622 893 2688 continue
924 2621 1120 2689 variarentur
1142 2624 1270 2689 ordines
1306 2625 1346 2688 ad

357 2740 566 2811 cremcmum,
592 2727 832 2793 decrementum
852 2726 904 2792 vel
918 2726 1018 2791 aliana
1030 2728 1246 2794 variacionem
1267 2729 1346 2794 isto·
1357 2756 1391 2793 20

359 2850 433 2896 rum
463 2830 640 2917 signorum,
672 2846 705 2898 et
732 2830 938 2897 barbitonsor
968 2831 1020 2897 vel
1045 2832 1127 2898 alius
1154 2833 1264 2920 laycus
1286 2833 1346 2898 ire·

139 2936 1012 3129 iiiiiiii‘i‘iiriiilitiziiiipilii
1035 2936 1347 3108 irrisisti
1389 3020 1391 3024 ·

358 3144 391 3207 in
414 3145 531 3213 anima.
553 3148 601 3211 Ex
624 3167 690 3232 quo
712 3161 799 3233 patet
822 3147 911 3232 quod
933 3147 1042 3211 anima
1063 3161 1110 3211 est
1131 3167 1348 3234 personaque

355 3263 403 3313 est
418 3250 592 3332 ordinatus,
607 3266 644 3317 ut
658 3265 746 3337 puta,
771 3252 928 3316 diaconus
943 3253 994 3316 vel
1009 3253 1166 3317 sacerdos.
1190 3252 1252 3318 lstc
1272 3275 1348 3339 ergo
1360 3264 1390 3316 25

356 3356 438 3418 ordo
462 3368 570 3419 manet
596 3355 725 3440 quiems
747 3353 779 3418 in
803 3355 911 3420 anima
934 3371 1089 3442 corrupto
1113 3359 1278 3444 episcopo.

139 3486 236 3539 omns
244 3486 347 3532 unsara
400 3450 463 3525 s‘ed
473 3459 570 3525 tercio
581 3462 683 3524 modo
692 3461 829 3526 sumitur
839 3462 921 3524 ordo
931 3482 991 3546 pro
1001 3478 1199 3529 sacramento
1209 3464 1424 3537 sensibiliao

151 3539 332 3649 &mliii
358 3565 447 3649 quod
471 3579 516 3629 est
535 3565 718 3630 ordinancia
734 3564 878 3651 episcopi
894 3567 935 3629 ad
951 3588 1078 3631 sacrum
1093 3566 1239 3633 officium
1254 3590 1350 3655 supra

169 3646 208 3687 ¹¹¹⁸
225 3643 321 3701 ''mm''
357 3668 465 3754 laycos
495 3668 528 3732 in
556 3669 686 3734 ecclesia
717 3669 928 3753 ministrandi,
963 3685 995 3736 et
1025 3671 1051 3735 si
1083 3692 1131 3736 res
1163 3674 1350 3738 abscondita

357 3772 453 3837 huius
475 3773 630 3838 sensibilis
652 3774 839 3840 sacramenti
870 3788 919 3839 cst
941 3777 1025 3841 ordo
1047 3778 1098 3842 vel
1131 3794 1270 3844 caracter
1301 3779 1347 3841 in·
1361 3786 1394 3838 30

359 3876 545 3941 sensibiliter
575 3878 766 3944 subiectatus
799 3878 975 3962 inanima,
1007 3896 1039 3946 et
1071 3884 1153 3946 ordo
1187 3896 1234 3947 est
1265 3904 1349 3969 opus

359 3980 506 4046 sensibile
536 3982 577 4045 ab
605 3983 757 4068 episcopo
783 3983 982 4049 celebratum
1003 3987 1093 4070 quod
1122 3986 1155 4049 in
1179 3990 1351 4053 verborum

360 4086 633 4151 sacramentalium
643 4088 838 4171 prolucione,
848 4088 879 4151 in
892 4089 983 4171 ritus,
999 4103 1101 4153 tactus
1116 4104 1172 4155 aut
1187 4093 1351 4157 unccionis

360 4189 595 4256 ministratione
617 4205 649 4255 et
672 4190 704 4254 in
732 4191 973 4257 circumcisione
1002 4192 1186 4277 extrinsece,
1217 4213 1255 4262 ut
1278 4198 1351 4280 loci,

399 4458 420 4492 a.
433 4446 465 4494 Ba
478 4448 588 4506 primaria
602 4448 743 4507 obligantur.
770 4410 773 4419 Ι
848 4448 886 4505 ³⁴·
900 4448 1098 4505 circumcisione;
1116 4450 1147 4495 irs
1161 4452 1231 4498 codd.
1246 4451 1341 4500 Rectius

359 4523 382 4562 et
395 4515 554 4564 intercisione.
567 4517 599 4564 ci.
613 4530 667 4577 pap.
680 4518 722 4566 iar.
735 4520 751 4565 i.
765 4516 853 4581 apsis.
