3262 5226
113 352 183 399 ese.
194 334 260 425 nn]
514 352 561 405 ne
578 348 757 404 necem

87 510 230 583 eficacio
254 525 301 575 est
328 509 402 595 plus
430 507 599 573 fundabilis
629 527 667 571 ex
699 504 863 589 seriptum,
895 517 932 567 ut
952 517 1041 588 petet
1064 502 1111 568 ΙΙ·

117 616 370 680 Machnbeorum
392 614 450 694 V0,
481 626 512 677 et
539 610 641 676 Exodi
668 607 803 674 xxxtl·
833 607 910 674 dicit
938 606 1112 693 propheta:

120 720 348 784 consecrastis
371 737 489 783 manus
510 727 635 782 vestras
655 714 762 779 leodie-
914 726 918 733 '
1099 746 1102 751 ·

161 824 348 888 Secundum
385 820 573 907 sompnium
602 834 650 885 est
691 819 732 883 de
774 820 917 905 quodem
954 817 1112 903 piscatore

87 927 173 1011 aqui
198 924 394 1010 sompninvit
426 946 460 989 se
488 926 633 989 locutum
664 911 857 988 fuisse'cum
888 923 983 988 besto
1013 924 1111 989 Petro

119 1031 243 1093 dicente
278 1050 310 1092 se
348 1028 456 1113 ipsum
492 1028 572 1092 velle
609 1028 726 1092 dictam
762 1026 926 1091 basilicum
961 1026 1111 1092 menibus

119 1133 257 1217 propriis
279 1153 474 1199 consecrare.
497 1134 589 1199 Unde
611 1132 690 1197 vidit
704 1146 938 1218 consequenter
958 1130 993 1197 in
1014 1146 1111 1197 nocte

120 1237 291 1299 vehemens
330 1238 440 1300 lumen
476 1236 509 1299 in
541 1236 667 1300 basilica
699 1237 753 1300 illa
787 1237 1003 1321 splendescere
1033 1256 1112 1301 cum

121 1340 301 1402 assistencia
333 1339 472 1404 eliorum
509 1339 675 1424 signorum
710 1340 985 1406 consecracionem
1022 1339 1111 1404 illam

94 1442 322 1506 otestnncium.
355 1443 417 1507 Sed
450 1445 490 1506 dn
522 1458 692 1530 utrumque
717 1445 914 1530 sompnium,
945 1460 976 1511 et
1004 1443 1223 1555 videa-Lebeeue
1241 1459 1337 1557 argum

122 1567 194 1610 mus
232 1548 311 1632 quid
351 1547 444 1612 obest
483 1548 556 1613 loco
592 1563 702 1613 snncto
739 1549 970 1613 exnnccionem
1007 1548 1109 1632 legiti-
1145 1519 1324 1609 ”siff-lone

122 1672 210 1715 mnm
233 1673 270 1716 ac
301 1652 507 1735 meritoriam,
545 1668 725 1738 preceptum
747 1674 767 1717 a
790 1675 861 1739 rege
888 1654 932 1718 ibi
962 1651 1111 1738 perficere
1155 1614 1329 1727 nimii-⁵⁸

123 1757 301 1839 specialiter
346 1771 474 1823 tantum
520 1778 604 1842 opus
650 1756 863 1822 misericordie
910 1758 999 1843 quod
1039 1777 1110 1822 ver·

123 1876 210 1942 geret
237 1863 278 1924 nd
306 1862 433 1926 basilice
461 1876 718 1947 purgamentum.
755 1862 848 1927 Unde
879 1860 1113 1927 consuluissem

87 1965 210 2029 tsdicto
233 1966 339 2030 nbbnti
363 1980 395 2031 et
413 1953 485 2030 ⁸eius
508 1965 676 2031 conventui
704 1968 794 2051 quod
817 1965 1027 2052 equanimiter
1047 1965 1111 2030 tol·

123 2069 277 2133 lernssent
307 2071 428 2134 illntnm
460 2070 608 2135 iniuriam
638 2070 864 2135 sanctificando
895 2092 929 2135 se
961 2070 1052 2156 ipsos'
1079 2082 1112 2134 et

124 2175 313 2238 celebrando
340 2175 492 2239 devocius
514 2197 572 2259 pro
594 2195 666 2260 rege
693 2188 724 2239 et
746 2175 812 2239 suis
844 2175 1110 2261 progenitoribus
1121 2183 1203 2284 Μ.
1217 2188 1331 2250 semro·

124 2278 158 2339 ln
182 2279 234 2341 illa
258 2293 367 2343 nutem
393 2279 554 2364 paciencia
577 2279 697 2343 facilius
719 2294 920 2364 superassent
941 2301 1040 2366 quem
1062 2280 1111 2344 in·
1120 2287 1168 2386 ¹0¹²
1172 2240 1340 2390 tpodzeipffiri

124 2384 284 2467 surgendo
302 2382 443 2448 frontose
458 2405 515 2468 per
529 2383 900 2448 excommunicacionem
911 2385 945 2448 in
957 2385 1114 2469 privatam
1162 2395 1305 2454 prtvnega.

87 2512 115 2546 ιο
126 2487 206 2570 regis
222 2485 386 2552 familiam.
404 2489 493 2553 Sicut
502 2490 589 2552 enim
602 2489 802 2574 privilegium
812 2490 939 2554 ecclesie
950 2489 1114 2575 quesitum

126 2605 173 2654 est
188 2613 244 2675 per
260 2593 456 2676 pacientiam
471 2593 587 2658 Christi
612 2607 644 2657 et
665 2614 797 2657 suorum
818 2595 1047 2675 membrorum,
1068 2593 1114 2660 sic

126 2710 173 2758 est
206 2695 413 2761 conformiter
445 2696 689 2761 defendendum.
728 2698 820 2763 Unde
852 2699 998 2764 Christus
1028 2698 1117 2764 dedit

127 2800 293 2883 privilegia
316 2801 465 2865 facillime
491 2803 531 2865 ad
561 2804 758 2887 querendum
780 2824 839 2887 pro
862 2804 979 2889 quibus
1006 2803 1118 2868 docuit
1166 2858 1173 2868 .

128 2925 192 2967 non
225 2926 293 2969 esse
325 2904 532 2990 corporaliter
563 2908 832 2989 contendendum,
864 2909 921 2995 sed
947 2908 980 2971 in
1003 2928 1117 2972 eorum

87 3009 345 3073 ssdefensionem
384 3031 450 3074 esse
487 3011 648 3074 humiliter
679 3012 880 3095 pudendum,
915 3027 952 3077 ut
984 3013 1117 3078 docetur

127 3114 254 3194 xxnu,
289 3135 320 3198 q.
345 3115 368 3195 1,
391 3115 423 3177 in
447 3115 615 3199 principio.
659 3116 823 3202 Prii'ilegia
844 3131 953 3182 nutem
975 3118 1117 3181 humana

127 3233 201 3282 sunt
224 3219 423 3282 condicionis
446 3221 606 3303 opposite,
639 3241 713 3283 cum
743 3221 776 3284 in
810 3243 867 3285 sun
889 3219 1116 3307 impetratione

128 3338 202 3388 sunt
225 3339 426 3408 sumptuose,
456 3325 488 3387 in
511 3346 569 3387 sua
591 3323 774 3388 defensione
798 3340 872 3390 sunt
893 3325 1061 3403 laboriosa,
1085 3340 1116 3391 et

129 3426 160 3489 in
184 3449 241 3490 sun
265 3429 479 3493 retribucione
503 3443 579 3493 sunt
600 3429 789 3512 dampnosa,
822 3430 904 3494 sicut
930 3445 979 3496 est
999 3431 1039 3493 de
1061 3451 1115 3494 su·

87 3533 236 3615 ioperbin
259 3546 291 3596 et
310 3534 375 3596 suis
392 3533 524 3618 singulis
547 3533 678 3600 filiabus.
702 3535 795 3616 Quis,
818 3534 961 3620 inquam,
984 3549 1115 3600 conten·

129 3637 215 3699 deret
247 3637 327 3700 circa
360 3637 563 3722 privilegium
590 3638 718 3701 nolendi
746 3638 905 3722 possidere
928 3659 1043 3703 nurum
1066 3641 1116 3703 vel

128 3757 305 3824 argentum,
338 3756 369 3806 et
401 3742 444 3806 sic
473 3744 511 3806 de
539 3742 607 3806 aliis
630 3742 799 3826 privilegiis
822 3742 937 3808 Christi
971 3743 1116 3829 superius

129 3842 332 3909 memoratis?
361 3847 433 3931 lpse
455 3846 543 3910 enim
567 3849 727 3910 donantur
749 3868 805 3931 per
825 3847 1029 3932 npercionem
1051 3849 1117 3914 oris

121 4089 125 4096 .
168 4060 187 4092 s.
203 4023 473 4098 incedet-:mente
530 4065 564 4107 re
578 4051 727 4108 Ainmrrgn
742 4051 882 4099 Conslllum.
896 4053 928 4100 ll:
941 4054 1115 4119 eonsllulssens.

129 4116 162 4162 2³.
177 4120 231 4164 ltin
243 4132 331 4176 ursega
347 4119 458 4167 Defensio
468 4121 645 4179 privilegiorum
655 4122 760 4168 ecclesie.
840 4121 874 4170 ἢ
887 4123 913 4167 Be
926 4135 970 4181 per
982 4124 1115 4183 rpelonent.

176 4261 215 4313 nti.
234 4264 312 4315 llecr.
330 4252 383 4314 sec.
402 4279 472 4331 pers,
490 4280 569 4317 cause
589 4224 678 4331 xxlll,
695 4282 722 4334 q.
742 4266 761 4328 l.
780 4281 837 4336 esp.
855 4267 875 4319 1.
894 4266 955 4318 Nisi
973 4269 1050 4321 lellc.

1000 4355 1031 4409 rs
