3262 5226
397 606 531 705 cmm]
777 624 823 677 ns
842 622 1023 677 succesus
1560 601 1620 683 ¹93

286 806 390 861 sts
397 764 647 872 dampnabilem,
682 795 804 868 quanto
835 779 937 865 magis
969 777 1191 843 necessitando
1221 795 1391 860 personam
1409 785 1607 884 :pet-mee:

397 893 470 959 cleri
494 891 545 958 cui
569 890 643 974 plus
665 898 820 973 repugnat
842 882 1045 950 conversacio
1040 875 1233 947 secularis?
1270 881 1392 945 Revera
1462 851 1565 937 exc-⁸52

398 1020 423 1062 ιι
415 996 539 1061 “talis
530 992 713 1080 ignorancia
729 988 864 1055 omnino
887 1003 1027 1071 excusat,
1051 987 1207 1073 peridem
1230 997 1392 1050 excusaret

399 1101 575 1186 quemlibet
594 1097 766 1180 viciosum3
790 1115 875 1176 nam,
898 1108 934 1159 ut
954 1107 1042 1180 patet
1065 1092 1171 1178 primo
1192 1090 1390 1170 Ethicorum,

376 1206 481 1274 esicut
511 1202 619 1267 omnis
649 1202 751 1266 bomo
781 1199 902 1285 appetit
935 1197 1120 1264 naturaliter
1150 1217 1218 1261 esse
1241 1194 1325 1279 felix,
1348 1193 1393 1258 sic

400 1308 521 1393 appetit
552 1306 657 1370 media
687 1325 751 1390 que
782 1303 880 1368 credit
911 1304 1027 1368 ducere
1049 1305 1090 1367 ad
1112 1302 1200 1366 hunc
1223 1289 1331 1381 finem,
1358 1312 1395 1363 ut

400 1411 615 1497 voluptuosus
653 1408 745 1494 ponit
787 1408 967 1473 felicitatem
1006 1409 1040 1472 in
1077 1406 1203 1473 cibariis
1243 1403 1395 1484 delicatis,

401 1514 584 1581 luxuriosus
624 1513 658 1577 in
699 1513 822 1580 actibus
860 1512 1012 1597 venereis,
1057 1534 1171 1578 avarus
1206 1511 1240 1575 in
1282 1508 1396 1575 mundi

401 1619 535 1699 diviciis,
570 1620 765 1704 superbus
756 1640 788 1682 m
813 1617 985 1683 mundanis
1011 1618 1201 1701 honoribus,
1231 1615 1330 1681 etsie
1355 1616 1397 1678 de

362 1723 502 1794 maliis
494 1744 527 1786 m
550 1724 700 1810 quibus
693 1744 841 1809 agnorum
862 1723 1002 1807 amplius
1025 1724 1209 1788 delectatur.
1240 1720 1303 1786 Sed
1324 1718 1396 1807 quis

403 1828 560 1893 diceret
551 1831 768 1913 ignoranciam
800 1829 896 1892 talem
928 1827 1113 1913 simpliciter
1145 1810 1309 1892 excusare?
1345 1824 1397 1889 Sic

403 1954 478 2017 ergo
512 1933 619 2018 posito
651 1935 740 2019 quod
772 1933 870 1998 Cesar
895 1953 932 1996 ex
960 1932 1144 2017 ignorancia
1170 1928 1337 1996 crediderit
1363 1950 1398 1993 se

403 2052 543 2120 prestare
566 2039 635 2100 Deo
658 2037 849 2123 obsequium
869 2036 902 2099 in
920 2039 1029 2101 dando
1046 2037 1130 2101 clero
1147 2035 1264 2101 Christi
1285 2033 1396 2098 mundi

403 2141 549 2224 gloriam,
582 2142 663 2207 sicut
695 2157 744 2208 est
774 2143 959 2207 accusabilis
992 2165 1031 2207 ex
1062 2141 1222 2207 eleccione
1250 2141 1336 2206 fatua
1366 2154 1399 2204 et

365 2265 513 2315 15amore
551 2263 735 2331 prepostero
766 2247 943 2312 affectando
977 2248 1052 2312 talia
1084 2246 1143 2311 sibi
1175 2246 1247 2332 ipsi,
1279 2245 1323 2309 sic
1350 2228 1398 2308 est

405 2352 477 2435 plus
492 2351 680 2416 accusabilis
695 2353 882 2416 retardando
898 2353 1073 2437 proditorie
1089 2366 1213 2417 etcum
1232 2351 1399 2414 mundano

404 2457 511 2518 toxico
546 2455 716 2540 precipuos
753 2457 870 2521 milites
907 2458 1062 2522 exercitus
1089 2456 1262 2521 christiani.
1300 2455 1400 2518 Aliter

405 2560 492 2622 enim
527 2560 608 2623 soret
640 2562 815 2625 elemosina
838 2562 1036 2648 privilegiare
1059 2563 1180 2626 clerum
1203 2560 1305 2625 eciam
1327 2561 1397 2624 reli·

403 2665 545 2748 giosum,
587 2680 622 2728 ut
658 2666 698 2729 sit
735 2667 1029 2750 voluptuosissime
1063 2665 1338 2730 delectabilissime
1368 2681 1400 2729 et

364 2768 662 2853 20splendidissime
696 2771 829 2852 cibatus,
861 2787 1014 2835 uxoratus
1046 2787 1077 2834 et
1104 2771 1137 2833 in
1169 2770 1259 2836 omni
1288 2770 1400 2834 mundi

405 2874 504 2956 gloria
528 2895 582 2958 pre
606 2874 757 2939 omnibus
789 2876 984 2940 secularibus
1007 2877 1205 2960 predotatus.
1237 2875 1300 2939 Sed
1322 2875 1399 2960 quid

404 2978 570 3060 privilegio
594 2979 647 3041 tali
671 2976 832 3043 insanius?
854 2982 945 3046 Unde
969 2982 1037 3044 sola
1058 2981 1185 3062 fabrica,
1208 3001 1284 3044 cum
1306 3000 1401 3064 super

406 3082 563 3146 fallaciam
588 3083 845 3167 equivocacionis
868 3085 1023 3169 privilegii
1048 3086 1167 3171 decipit
1182 3101 1289 3149 totum
1305 3106 1399 3148 mun·

405 3188 493 3267 dum,
522 3188 597 3272 quia
620 3209 695 3250 cum
718 3189 869 3253 dominus
892 3191 1078 3273 temporalis
1108 3191 1215 3274 potuit
1243 3189 1401 3253 meritorie

364 3293 579 3360 25concedere
610 3293 668 3356 hec
701 3294 873 3378 privilegia,
905 3295 988 3359 sicut
1011 3297 1114 3360 clerus
1137 3294 1348 3379 acccipere,
1370 3309 1402 3357 et

405 3396 510 3477 potuit
534 3398 695 3482 utrimque
711 3419 778 3462 esse
794 3400 1008 3483 dampnabilis
1025 3400 1125 3465 iustus
1147 3415 1179 3465 et
1201 3400 1399 3484 ignorsncia:

405 3500 478 3562 ideo
512 3516 658 3564 neutram
690 3517 813 3586 partem
848 3525 965 3586 assero,
999 3525 1057 3568 nec
1080 3508 1169 3590 quod
1191 3505 1401 3568 succedentes

406 3606 582 3668 abutuntur
613 3607 787 3690 privilegio,
816 3610 871 3672 sed
894 3610 1059 3673 veritatem
1086 3610 1342 3674 condicionalem
1364 3624 1401 3675 ut

407 3708 503 3771 fidem
536 3712 740 3774 christianam
777 3714 978 3777 defendendo
1011 3714 1194 3799 relinquens
1232 3715 1402 3800 prepositis

365 3813 571 3878 toveritatem
595 3816 665 3878 de
658 3839 760 3880 messe
783 3839 819 3881 ex
842 3820 993 3902 operibus
1016 3819 1230 3882 iudicandam.

375 3930 400 3982 1.
453 3918 579 3994 Quinto
617 3921 759 4005 arguitur
790 3945 845 4007 per
876 3925 939 3987 hoc
972 3925 1061 4008 quod
1096 3924 1182 3987 iuxta
1214 3945 1289 4007 sepe
1320 3924 1401 3988 dicta
1433 3935 1603 4035 illisi„
1571 3939 1602 3985 eu

411 4038 580 4105 paupertas
614 4028 791 4109 evangelica
823 4044 854 4091 et
885 4030 1022 4091 omnino
1055 4029 1276 4111 spiritualia
1268 4029 1402 4111 insigma
1425 4003 1612 4140 nenput'aeffa'·

409 4148 471 4210 que
495 4127 644 4192 Christus
667 4133 822 4195 concessit
846 4155 901 4196 sue
924 4133 1057 4196 ecclesie
1080 4147 1165 4195 stant
1189 4154 1264 4195 cum
1281 4154 1403 4196 cesarea

452 4314 485 4363 16.
499 4326 531 4371 ¹7·
546 4315 572 4360 ln
587 4317 657 4361 codd.
672 4318 790 4363 mundam
809 4321 895 4365 toxica.
1003 4331 1037 4363 aa.
1060 4322 1079 4364 Α
1100 4319 1124 4365 in
1142 4332 1231 4375 mara-a
1244 4319 1403 4365 Protestaeiea

408 4384 452 4429 hoc
466 4387 566 4430 uerbum
581 4387 709 4434 extinctum
724 4396 767 4434 est.
875 4391 904 4436 31.
919 4391 939 4434 Α
956 4389 979 4433 in
995 4401 1085 4445 mern:
1108 4389 1197 4445 Quinte
1211 4389 1326 4436 obiectio.

450 4562 477 4611 4.
495 4544 562 4614 Cap.
580 4544 609 4610 11,
630 4546 692 4599 lll.·

457 4636 460 4642 '
1287 4634 1317 4689 ri
