3262 5226
479 635 649 693 sounnnts
667 639 817 692 wncutr.
896 709 899 715 1
981 613 1064 706 [coo
1078 625 1142 672 ¹¹¹.

198 796 278 862 Ideo
310 799 344 863 in
376 795 514 861 dirersis
548 794 736 865 ordinibus
756 795 994 877 imprimuntur
1023 791 1144 855 diuersi
1156 800 1257 874 197⁴&

155 913 354 983 caracteres,
384 911 416 966 et
442 897 642 966 concedende
665 909 745 963 snnt
770 899 920 965 raciones
954 897 1015 960 lsoc
1036 906 1143 959 osten·

156 1008 278 1071 dentes.
310 1005 362 1071 nt
379 1005 527 1089 primum
550 1005 585 1068 in
606 1007 789 1087 oppositum
811 1023 877 1088 qno
898 1003 946 1067 sic
968 1001 1166 1085 arguitur:t

157 1111 191 1174 in
225 1119 431 1175 sacramento
465 1107 615 1193 baptismi
645 1127 710 1173 non
741 1108 940 1192 imprimitur
967 1104 1032 1171 nisi
1059 1123 1145 1168 unns

157 1226 326 1297 caracter,·
359 1214 508 1278 similiter
544 1214 578 1277 in
615 1223 823 1277 sacramento
870 1209 1170 1297 confirmaciones

157 1340 237 1405 ergo
253 1319 335 1404 pari
353 1319 484 1382 racione
506 1318 540 1381 in
559 1328 766 1383 sacramento
785 1318 924 1382 ordinis.
947 1314 1145 1392 Dicendum,

157 1423 272 1510 inquit,
296 1423 383 1509 quod
404 1442 469 1487 non
491 1432 539 1487 est
559 1422 664 1487 simile
681 1441 747 1507 pro
769 1441 809 1486 eo
839 1418 929 1506 quod
956 1440 1020 1484 non
1050 1421 1147 1503 ponit

158 1528 202 1592 ito
239 1527 470 1605 diversitatem,
496 1528 580 1591 sicut
608 1527 705 1610 ponit
740 1526 865 1590 ordinis
902 1534 1144 1589 sacramentum

158 1631 245 1716 qnod
266 1631 307 1696 de
328 1631 383 1696 sui
403 1632 536 1696 racione
558 1630 704 1715 implicat
718 1631 940 1696 diversitatem
962 1629 1144 1715 graduum.

158 1735 209 1798 Ad
229 1736 409 1800 secundum
432 1755 497 1822 qno
518 1738 567 1801 sic
587 1737 746 1822 arguitur
759 1744 1002 1800 sacramentnm
1019 1733 1177 1798 ordinisu

159 1840 370 1905 essencialius
393 1841 525 1925 respicit
546 1850 745 1906 caracterem
768 1861 867 1927 qnam
891 1839 1027 1926 aliquod
1053 1839 1149 1902 aliud

158 1957 400 2009 sacramentnm
434 1945 467 2009 in
498 1965 561 2031 quo
584 1956 735 2010 caracter
762 1946 979 2030 imprimitur,·
1008 1944 1039 2009 si
1065 1962 1147 2028 ergo

159 2048 242 2113 ordo
265 2069 366 2113 unum
395 2060 442 2114 est
463 2060 704 2115 sacramentum
728 2060 1019 2136 quantumcunque
1036 2048 1147 2133 pinri-

149 2151 287 2236 ficetur,
303 2153 432 2218 uidetur
445 2154 531 2240 quod
546 2175 632 2221 unns
646 2165 800 2219 caracter
815 2155 847 2217 in
872 2174 910 2220 eo
931 2153 1146 2237 imprimitur.

160 2255 343 2322 Dicendum
365 2258 452 2341 qnod
472 2279 585 2324 rerum
608 2270 665 2338 est,
688 2259 747 2323 sed
774 2249 907 2323 nonnisi
925 2250 1030 2342 prout
1062 2277 1148 2321 com·
1162 2262 1192 2315 15

154 2371 302 2444 paratur
330 2363 375 2426 ad
411 2362 548 2428 ulterius
582 2364 801 2449 signaculum.
841 2363 932 2426 Sicut
966 2381 1050 2447 ergo
1081 2382 1148 2425 una

162 2464 257 2528 litera
279 2476 327 2529 est
346 2468 467 2553 scripta
487 2450 519 2532 et
532 2468 595 2534 dne
617 2478 649 2533 et
669 2479 734 2534 tres
757 2480 789 2532 et
811 2479 978 2553 quattuor,
994 2475 1148 2530 ettamen

163 2569 342 2634 multarum
363 2571 532 2636 literarum
552 2575 758 2659 aggregacio
773 2572 817 2636 ad
832 2592 932 2635 unam
948 2573 1149 2637 sentenciam

162 2673 411 2758 exprimendam
443 2697 507 2740 non
540 2687 589 2741 est
621 2677 684 2742 nisi
715 2697 782 2741 nna
814 2678 999 2760 scriptura:
1035 2676 1082 2741 sic
1114 2678 1149 2741 in

156 2780 325 2864 proposito
367 2781 560 2866 intelligitur
598 2781 686 2866 qnod
721 2782 826 2846 omnis
866 2783 945 2847 talis
976 2782 1194 2867 figuracioso

163 2883 338 2948 ordinatur
369 2885 415 2949 ad
445 2886 503 2949 lsoc
534 2886 620 2971 qnod
647 2888 677 2951 ei
708 2888 909 2951 inscribatur
939 2888 1148 2972 signaculum

163 2990 343 3053 secundnm
377 2991 463 3076 quod
491 2993 585 3056 ltomo
607 2992 672 3057 Dei
703 2995 852 3057 minister
877 2993 1047 3078 perfectus
1081 3013 1152 3057 esse

164 3093 340 3173 iudicatur,
352 3107 382 3159 et
398 3115 471 3159 cum
487 3108 729 3161 sacramentum
746 3099 833 3162 dicat
847 3098 926 3182 quid
939 3098 985 3160 ad
1000 3099 1152 3177 alterum,

165 3208 196 3260 et
233 3199 336 3262 eciam
374 3213 560 3265 caracteres
598 3202 758 3265 uniuntur
790 3203 969 3265 secundum
1002 3202 1079 3285 quid
1109 3203 1153 3266 ad

166 3304 319 3382 aiterum,
342 3306 415 3369 ideo
433 3308 550 3389 plures
573 3319 755 3370 caracteres
771 3327 873 3369 unum
881 3307 1017 3390 jaciunt
1037 3327 1152 3372 sacro·
1165 3309 1195 3363 ²5

166 3419 320 3473 mentum.
344 3411 458 3473 Tercio
481 3411 523 3473 sic
546 3410 702 3493 arguitur:
727 3411 762 3473 Si
770 3412 890 3494 plures
913 3421 1098 3476 caracteres
1120 3414 1185 3475 in³

166 3513 278 3575 eadem
299 3514 409 3577 anima
426 3516 666 3599 imprimuntur,
686 3527 744 3578 aut
767 3536 848 3601 ergo
872 3515 1028 3600 differunt
1048 3519 1155 3600 specie

165 3619 217 3679 uei
238 3618 344 3680 solum
368 3636 518 3699 numero,·
540 3640 602 3683 non
630 3620 769 3683 secundo
800 3621 904 3698 modo,
934 3622 1009 3704 qnia
1033 3633 1156 3706 oportet

167 3723 326 3805 recipiens
347 3723 506 3786 denudari
532 3744 552 3786 a
581 3735 700 3787 natura
724 3726 774 3788 rei
799 3735 936 3807 recepte,
965 3745 1024 3788 nec
1042 3727 1155 3809 primo

168 3828 273 3905 modo,
290 3828 367 3911 quia
383 3829 755 3894 exdiuersissecnndum
763 3832 916 3915 sormam
933 3826 954 3872 ’¹‘
969 3839 998 3892 et
1013 3834 1152 3912 speciem
1168 3830 1229 3902 198⁸

168 3933 372 3997 manentibus
401 3953 463 3996 non
484 3934 530 4018 fit
553 3955 651 3998 unum
684 3936 745 3998 nisi
768 3954 868 3996 unum
895 3935 1073 3999 materiale.
1107 3937 1157 4000 Ati

168 4037 250 4100 illud
271 4038 455 4118 dicendum,
483 4038 596 4125 inquit,
628 4041 716 4124 quod
739 4039 912 4123 dupliciter
933 4049 981 4103 est
1005 4040 1095 4123 loqui
1117 4040 1156 4104 de

208 4226 232 4272 6.
244 4228 268 4273 Α
283 4226 306 4272 in
322 4240 410 4285 merga
424 4227 563 4284 Responsio.
668 4227 744 4282 13.14.
759 4226 790 4271 Be
806 4225 949 4283 purificetur.
1056 4227 1088 4273 15.
1102 4226 1159 4273 Ain

170 4308 257 4353 merga
278 4295 418 4354 Responsio.
523 4299 556 4343 16.
578 4297 695 4355 operetur
716 4297 740 4343 in
761 4297 832 4341 codo.
857 4294 917 4340 ibid.
938 4295 958 4339 si
977 4306 1035 4351 ergo
1049 4294 1073 4340 in
1088 4296 1160 4341 codd.

170 4377 205 4411 so.
221 4366 323 4413 sciencie
337 4366 450 4423 ngurscto
470 4366 493 4413 in
513 4366 583 4413 codd.
709 4366 743 4413 13.
757 4368 780 4413 Α
793 4366 838 4423 Am
853 4364 901 4411 Sed
915 4364 1011 4422 quidem
1026 4365 1160 4411 secundom
1224 4420 1231 4427 ·

169 4437 226 4493 quid
234 4458 258 4470 -
267 4444 397 4482 caracteres
404 4436 482 4492 deest:
492 4436 601 4482 intonet
611 4435 705 4493 quidem
715 4442 745 4482 sd
755 4435 853 4481 siterum
865 4434 889 4480 in
897 4434 968 4480 codd.
1029 4446 1066 4492 ²7·
1077 4435 1100 4480 A
1114 4435 1160 4491 A,s

170 4516 198 4549 sc
212 4517 269 4562 ergo
284 4503 402 4551 tinemut.
507 4502 537 4552 31.
552 4504 583 4551 u:
596 4517 670 4551 nnntn
680 4506 717 4551 sit
822 4503 852 4550 31.
862 4504 894 4550 3².
909 4502 948 4548 At
963 4503 1026 4548 eliud
1045 4503 1070 4548 in
1087 4502 1160 4548 codd.

171 4571 205 4619 3².
222 4575 246 4620 Α
261 4573 285 4620 in
300 4586 386 4632 msrpn
400 4572 542 4632 Responsio.

1378 799 1382 815 i

1376 925 1380 942 l
