3262 5226
327 476 458 573 cmvi]
703 496 748 550 os
766 494 944 549 scmsssn
1003 432 1007 441 ’

114 642 117 647 ’
206 676 236 732 rt
251 662 374 747 stupui
394 665 547 724 exercent
567 674 669 739 opera
692 672 816 718 eorum.
840 652 882 716 Et
897 649 956 715 ists
971 647 1088 735 tyriaca
1110 648 1300 714 obtunderet

318 762 490 830 cauterium
533 758 753 843 rubiginosum
798 753 917 820 diaboli
958 754 1049 840 quod
1094 774 1161 819 nou
1196 752 1300 840 gracia

318 865 494 933 sanctionis
516 864 571 930 sed
592 861 697 949 gracia
719 859 924 948 spoliarionis
950 857 1124 946 apponitur
1149 857 1300 924 membris

318 970 445 1037 Christi.
484 967 679 1035 Conceditur
715 986 791 1051 ergo
837 965 929 1052 quod
959 978 1025 1029 tam
1055 964 1162 1028 honor
1202 983 1301 1049 quam

293 1075 511 1163 §stipendium
535 1086 609 1138 sunt
631 1071 848 1158 impendenda
862 1069 981 1136 Christi
1004 1068 1230 1154 sacerdotibus,
1245 1068 1301 1134 sed

151 1207 156 1215 ·
250 1193 309 1263 ¹4⁶¹
319 1192 444 1266 oportet
465 1199 520 1243 eos
537 1200 574 1244 ex
596 1177 747 1264 operibus
769 1177 843 1242 dure
857 1174 1091 1260 *probabilem
1105 1173 1300 1239 evidenciam

318 1286 406 1372 quod
428 1299 503 1349 sunt
524 1283 612 1360 tales,
635 1303 711 1347 cum
726 1303 824 1347 nemo
841 1294 952 1347 contra
967 1278 1199 1347 conscienciam
1213 1280 1302 1347 daret

318 1392 402 1454 bona
438 1401 546 1453 sancte
580 1386 690 1452 munis
728 1386 858 1451 ecclesie
879 1385 1031 1451 membris
1057 1385 1192 1470 diaboli3
1226 1404 1301 1449 nam

318 1494 493 1560 secundum
524 1493 608 1577 leges
635 1491 793 1556 humanas
815 1490 872 1577 qui
894 1493 948 1556 dut
978 1487 1301 1577 pseudoprocurstori
1328 1490 1463 1590 Wghotehl
1476 1498 1505 1540 ¹⁰

279 1599 460 1665 indebitum
483 1596 653 1679 creditoris,
681 1610 807 1662 tenetur
837 1596 871 1660 in
895 1617 1013 1683 penam
1035 1594 1240 1683 negligencie,
1271 1553 1461 1658 etoepmnmwp
1474 1558 1526 1643 W

319 1702 344 1766 si
365 1702 536 1788 perdiderit
557 1704 668 1767 datum
695 1701 841 1767 creditori
864 1701 1001 1767 tribuere
1022 1702 1110 1788 quod
1127 1715 1174 1766 est
1195 1649 1523 1765 ειιιιιιι.ὼῑῖῗωνῖῐῖὴίέῗγίἷ11

320 1808 423 1871 Multo
446 1809 519 1892 plus
541 1807 677 1872 creditor
691 1807 801 1872 matris
815 1828 882 1890 sue,
897 1821 929 1873 et
943 1806 1119 1892 specialiter
1132 1806 1158 1870 si
1174 1804 1304 1892 negligit

320 1913 494 1976 discernere
517 1926 625 1977 utrum
649 1926 777 1978 exactor
798 1913 839 1977 sit
862 1910 965 1977 fidelis
987 1924 1175 1997 procurator
1197 1922 1304 1976 sancte

321 2017 427 2099 matris
465 2017 603 2099 ecclesie,
643 2018 734 2104 quod
757 2016 909 2082 iudicsbit
939 2018 1117 2082 secundum
1147 2036 1245 2102 opera
1274 2029 1306 2080 et

282 2122 441 2206 ibregulns
463 2122 624 2207 scripture.
650 2123 735 2187 Nam
756 2122 881 2209 liquido
904 2136 1028 2187 constat
1050 2121 1195 2186 fidelibus
1218 2122 1306 2207 quod

322 2226 451 2308 decime,
474 2227 656 2291 oblaciones
679 2241 710 2293 et
732 2228 792 2293 alie
813 2227 934 2312 private
958 2227 1129 2292 elemosine
1151 2227 1307 2291 debentur

323 2346 427 2396 sancte
450 2332 541 2396 matri
557 2333 697 2398 ecclesie.
722 2333 796 2412 Qua
823 2332 926 2398 fronte
950 2354 1025 2419 ergo
1050 2331 1306 2400 excomunicaret

323 2435 539 2501 inlructuosus
569 2439 720 2523 operibus
742 2438 932 2523 evangelicis
954 2438 1112 2504 subiectos
1135 2437 1305 2523 simplices,

324 2540 381 2603 nisi
404 2542 481 2606 dent
502 2541 561 2606 sibl
589 2544 675 2607 bona
703 2558 810 2610 sancte
845 2543 955 2609 matris
988 2543 1127 2625 ecclesie,
1161 2563 1236 2608 cum
1266 2541 1306 2606 sit

281 2665 314 2702 so
325 2646 450 2709 evidens
473 2647 579 2730 ipsum
601 2668 668 2712 non
692 2669 758 2713 esse
781 2649 820 2713 de
843 2649 907 2731 illa,
929 2648 1040 2713 sedin
1063 2648 1125 2733 illa,
1140 2661 1306 2734 tamquam

324 2749 390 2813 eius
423 2750 547 2815 hostem
579 2752 768 2837 precipuum
802 2766 835 2818 et
855 2753 992 2840 ypocrisi
1010 2766 1107 2839 atque
1133 2750 1311 2817 mendaciis

325 2854 391 2918 eius
414 2853 670 2920 infidelissimum
692 2857 900 2941 proditorem.
924 2857 972 2923 De
994 2857 1055 2922 isto
1077 2856 1217 2923 inferius.

288 2961 314 3017 0
366 2959 461 3023 Sexto
499 2961 640 3045 arguitur
672 2976 782 3027 contrn
816 2962 900 3027 dictu
931 2962 964 3025 in
996 2961 1122 3026 racione
1153 2961 1304 3043 secundu;
1349 2974 1388 3021 ou
1458 2988 1490 3022 ιι

322 3063 445 3127 videtur
456 3064 552 3148 enim,
569 3065 594 3130 si
610 3065 757 3131 Christus
772 3066 978 3151 desponsavit
992 3080 1127 3131 matrem
1142 3026 1338 3131 ecclesiamlf
1348 3026 1493 3127 fficii‘i
1512 3041 1527 3076 ⁸

282 3168 412 3231 ²5cuius
434 3167 494 3234 luit
515 3169 609 3254 filius,
632 3173 722 3257 quod
749 3170 833 3236 filius
866 3172 947 3237 loret
969 3174 1075 3238 senior
1105 3186 1206 3247 matre
1239 3193 1307 3254 sua,
1315 3130 1462 3282 ῗῗῖιῗὲὴέ
1473 3145 1524 3231 {12⁸

323 3271 402 3337 sicut
424 3288 471 3338 est
485 3272 711 3359 honorabilior,
720 3275 875 3342 melioret
891 3275 1056 3341 formalior
1070 3297 1167 3364 quam
1182 3290 1230 3342 est
1243 3277 1306 3361 illa,
1367 3249 1392 3283 ω
1460 3267 1469 3284 ’

323 3391 353 3440 et
375 3378 418 3441 sic
433 3379 684 3464 ydemptilicaret
699 3381 759 3445 sibi
782 3402 880 3447 omne
902 3382 1084 3446 membrum
1100 3381 1229 3469 ecqesie
1256 3381 1307 3470 (ut

323 3501 395 3566 sepe
417 3482 560 3547 innuitur
581 3485 614 3549 in
636 3487 753 3551 sanctis
775 3487 961 3552 doctoribus
983 3501 1015 3552 et
1036 3483 1213 3573 scriptura).

366 3585 425 3649 Hic
440 3584 552 3650 dicitur
573 3593 662 3674 quod
679 3578 824 3657 Christus
847 3591 1050 3677 desponsavit
1064 3594 1200 3657 matrem
1214 3613 1306 3658 suam
1361 3618 1479 3667 Anium

281 3688 385 3773 30que
406 3704 452 3754 est
476 3692 579 3756 totalis
603 3696 734 3759 ecclesia
758 3717 825 3760 non
848 3698 1028 3762 secundum
1049 3718 1083 3761 se
1106 3711 1219 3781 totam,
1250 3668 1360 3769 sedffi'
1373 3671 1528 3786 &m

324 3793 498 3857 secundum
535 3818 732 3885 synagogam
770 3823 807 3865 ex
845 3821 910 3887 qua
946 3800 1092 3866 Christus
1128 3802 1307 3867 secundum

324 3918 448 3961 carnem
470 3902 598 3985 prodiit,
621 3918 652 3969 et
675 3905 720 3968 sic
742 3907 874 3992 reliquit
890 3915 1023 3991 patrem
1046 3917 1077 3972 et
1100 3919 1238 3973 matrem
1256 3906 1307 3995 (ut
1352 3953 1357 3961 -

323 4001 419 4066 sancti
435 4003 578 4069 doctores
590 4023 756 4093 exponunt
771 4009 894 4074 dictum
909 4030 1005 4075 suum
1015 4010 1256 4098 MattheinX⁰,
1273 4008 1305 4098 5)

360 4235 390 4271 ts.
405 4223 525 4283 cresson
539 4227 883 4291 lonsssedebltorlegendum.
925 4229 955 4278 u.
970 4231 1002 4278 bs
1016 4241 1051 4280 est
1060 4192 1143 4282 nunu.
1196 4236 1230 4284 a&
1244 4235 1267 4284 t
1280 4229 1314 4284 la'
1349 4237 1351 4240 ⁴

323 4305 407 4350 meran
422 4293 493 4342 Sexte
506 4298 619 4345 oblecclo.
701 4300 736 4348 2⁵.
750 4301 778 4348 lis
795 4315 840 4349 sne
853 4306 926 4350 deest.
997 4303 1034 4350 ¹6·
1047 4305 1091 4363 An
1105 4305 1235 4354 formosior
1248 4319 1305 4367 pros

322 4359 449 4410 lormallor.
527 4380 562 4427 ²⁹·
577 4370 601 4416 Δ
614 4370 639 4417 ln
653 4384 741 4430 merga
756 4371 820 4420 Nota
834 4375 903 4422 bene.
917 4374 1061 4437 Responslot
1077 4375 1187 4424 Christus
1200 4378 1304 4438 despon-

323 4431 381 4477 savit
393 4432 439 4479 sibl
453 4443 549 4485 matrem
559 4452 626 4487 snam
641 4440 765 4490 eccleslam
781 4456 829 4491 non
844 4447 975 4494 secundm
989 4460 1016 4494 ee
1029 4454 1112 4499 totam
