3262 5226
698 406 868 463 rouarruu
882 404 1032 461 wrcerr.
1197 378 1279 475 [esa.
1293 396 1357 447 nv.
1493 376 1496 381 '

381 584 454 630 mus
473 566 563 652 quod
575 564 679 631 iusms
698 576 784 631 amat
804 562 925 647 omnia,
946 562 1036 649 quod
1058 560 1204 628 sacerdos
1223 559 1283 626 rite
1304 573 1471 649 est-171⁸}

380 670 596 738 communicat
628 688 688 755 pro
724 667 855 735 decimis
890 682 923 734 et
958 666 1048 754 quod
1082 665 1185 731 homo
1221 664 1359 731 emendo
1539 674 1543 679 '

381 774 597 861 equumema't
608 770 785 861 quamhhet
792 769 1021 859 pertentatus
1031 768 1204 853 emibilem,
1213 768 1358 835 Christus
1372 793 1433 856 172⁸

381 898 458 963 ergo
479 876 668 945 omnisciens
690 876 828 945 emendo
849 897 869 942 a
889 890 979 963 patro
1000 888 1109 941 totum
1128 892 1230 960 genus
1243 871 1357 937 huma·

382 1002 463 1047 num
483 982 562 1048 emit
580 982 752 1049 accuaorie
772 1001 871 1046 omne
891 980 1016 1046 honum
1038 978 1098 1043 sthi
1120 977 1198 1045 utile
1218 977 1267 1043 vel
1293 976 1382 1063 pri-5

380 1084 531 1172 vilegium
561 1085 639 1151 citra
664 1084 840 1153 Christum.
875 1082 928 1151 Sic
957 1082 1045 1150 enim
1075 1082 1152 1149 dicit
1171 1081 1358 1167 Apostolus,

381 1190 602 1257 Romanorum
621 1189 721 1274 Vill⁰,
744 1188 797 1273 is,
821 1189 912 1276 quod
926 1186 1067 1272 proprio
1078 1185 1159 1273 filio
1180 1187 1273 1253 Deus
1294 1205 1359 1250 non

376 1296 538 1379 pepercit,
560 1294 620 1361 sed
633 1314 700 1380 pro
721 1294 813 1361 stolis
826 1294 976 1359 omnibus
988 1291 1129 1359 tradidit
1139 1282 1258 1357 'illuns
1280 1309 1358 1376 quo·

309 1429 363 1475 m
381 1398 475 1465 rsodo
494 1419 577 1486 ergo
598 1418 662 1465 non
685 1419 758 1465 cuns
780 1399 851 1485 ipso
872 1399 983 1464 omnia
1005 1397 1099 1462 nolis
1112 1395 1270 1462 donavit?
1284 1395 1360 1459 ldeo
1465 1400 1469 1409 '

311 1481 355 1579 ¹2¹ss
381 1505 651 1570 audenterassero
671 1503 762 1591 quod
783 1501 833 1568 vel
854 1500 1037 1567 dominacio
1057 1501 1131 1567 cleri
1152 1499 1298 1566 moderni
1312 1512 1403 1573 estu,

288 1586 501 1693 „atilium
521 1609 573 1673 vel
594 1607 751 1674 nonlicet
771 1606 1054 1673 excommunicare·
1066 1626 1125 1691 pro
1148 1604 1288 1688 decimis,
1309 1604 1360 1668 vel

315 1689 342 1736 ¹²
382 1710 527 1779 Christus
537 1710 703 1779 crucifixus
718 1725 766 1779 est
778 1732 838 1799 pro
853 1710 1078 1777 dominacione
1092 1709 1146 1775 illa
1160 1730 1216 1774 aue
1231 1708 1359 1774 ecclesie

379 1816 590 1903 adquirenda3
620 1838 678 1883 nec
707 1817 797 1883 aliter
817 1832 866 1884 est
892 1815 1097 1904 presumihile
1123 1815 1212 1901 quod
1242 1833 1360 1898 sponsa

381 1919 498 1987 Christi
519 1938 644 1989 vocaret
659 1923 768 1988 dotem
788 1941 948 1987 cesaream
966 1919 1197 2005 patrimonium
1211 1916 1358 1983 crucifixi.

183 2054 209 2103 ι.
225 2054 247 2102 ι,
258 2066 350 2104 ...ῃ
425 2026 491 2091 Nec
512 2026 597 2092 rrlet
617 2025 735 2113 lingere
755 2028 844 2113 quod
865 2024 1048 2091 dominacio
1070 2024 1124 2089 ilia
1145 2044 1212 2089 noo
1233 2023 1273 2089 sit
1294 2022 1394 2108 pri-r

173 2109 303 2207 ,2⁶3⁰ss
379 2128 531 2215 vilegium
553 2130 608 2194 sed
628 2131 677 2196 lea
699 2129 891 2213 communis,
921 2128 997 2216 quia
1018 2142 1068 2195 est
1089 2129 1138 2194 lex
1159 2127 1281 2214 privata
1302 2126 1357 2191 diu
1462 2204 1465 2209 ⁵

156 2211 372 2326 aim
379 2247 455 2319 post
467 2232 693 2299 fundationem
706 2235 835 2301 ecclesie
851 2234 970 2328 Christi
991 2254 1141 2299 concessa
1162 2230 1360 2318 singulariter
1458 2231 1467 2239 “
1493 2233 1501 2242 “

179 2318 351 2417 ww·
380 2338 466 2403 crem
488 2358 558 2404 suo.
591 2339 666 2405 raso
687 2353 775 2426 patet
795 2360 834 2405 ει
855 2338 1072 2427 ιιικήρςῑοιις
1093 2336 1248 2425 perregn
1270 2336 1360 2423 quoa

380 2442 421 2509 sit
441 2442 500 2509 sihi
522 2442 721 2529 privilegium
743 2442 882 2509 notabile
904 2463 964 2528 pro
985 2442 1046 2507 hac
1072 2441 1157 2508 rita·
1190 2440 1242 2506 Sic
1273 2440 1359 2505 enim

379 2546 532 2633 purgatio
562 2562 765 2613 mortuorum
797 2561 844 2613 est
874 2546 1075 2633 privilegium
1097 2559 1205 2612 mncte
1230 2543 1358 2609 ecclesie
1370 2575 1403 2613 ιο
1440 2629 1443 2634 ,

380 2671 479 2738 quam
499 2667 607 2717 tamen
629 2651 723 2717 multi
744 2672 811 2717 non
833 2665 998 2737 appetunt.
1023 2651 1131 2717 Minor
1143 2663 1252 2716 autern
1265 2670 1359 2735 argu·

380 2756 481 2822 menti
516 2756 560 2821 sic
591 2756 781 2823 ostenditur:
815 2757 889 2821 Non
922 2754 982 2821 luit
1012 2754 1047 2821 in
1068 2756 1198 2823 Christo
1231 2754 1359 2833 salsitas,

380 2860 475 2926 dolus
496 2860 561 2926 sive
582 2860 758 2947 duplicitas,
784 2880 860 2926 cum
888 2860 1064 2927 secundum
1085 2861 1291 2949 Apostolum,
1318 2858 1361 2924 11·

381 2963 525 3030 Corinth.
556 2964 596 3048 1⁰,
623 2964 669 3048 18,
702 2985 768 3029 non
799 2962 858 3029 luit
888 2964 922 3029 in
953 2964 1025 3050 ipso
1055 2965 1115 3032 Est
1141 2978 1172 3032 et
1198 2986 1272 3045 non,
1305 2966 1361 3030 sed

382 3067 491 3133 suisset
525 3090 600 3134 cum
635 3069 771 3154 paribus,
813 3068 840 3131 si
870 3068 979 3134 fuisset
1012 3068 1188 3154 crucifixus,
1219 3087 1255 3137 ut
1284 3082 1401 3155 postas

382 3173 562 3237 clericatum
581 3171 628 3236 sui
648 3172 820 3237 imitatores
839 3173 1020 3238 seculariter
1034 3174 1249 3244 dominentur.
1273 3176 1359 3259 Ergo

381 3277 443 3343 hoc
475 3297 539 3341 non
567 3277 741 3341 intenderat
762 3277 936 3362 paciend03
966 3277 1034 3363 ipse
1057 3279 1145 3343 enim
1167 3301 1231 3345 non
1253 3280 1359 3366 potuit

381 3381 537 3446 dominari
552 3380 731 3446 seculariter
751 3382 805 3445 sed
827 3381 904 3447 vixit
926 3403 1101 3468 pauperem
1115 3383 1214 3448 vitam
1234 3394 1359 3450 summe
1432 3452 1434 3456 ,

381 3485 641 3571 exproprietarie;
651 3486 739 3571 quod
754 3499 786 3550 et
801 3486 910 3552 docuit
920 3507 995 3552 suos
1011 3488 1181 3573 precipuos
1195 3490 1359 3574 apostolos

381 3609 465 3676 quos
487 3589 588 3655 voluit
610 3610 676 3654 esse
700 3590 887 3674 exemplaria
911 3590 1064 3655 imitanda
1086 3591 1191 3657 future
1222 3592 1358 3658 ecclesie.
1369 3605 1403 3659 30

382 3694 462 3778 ipsis
485 3693 572 3758 enim
594 3693 671 3757 dixit
693 3693 781 3779 quod
802 3693 953 3758 haberent
968 3695 1164 3760 nolicionem
1179 3696 1359 3782 possidendi

381 3818 496 3863 aurum
525 3797 576 3862 vel
607 3809 782 3883 argentum,
814 3798 902 3883 quod
926 3819 991 3862 non
1015 3799 1180 3883 diligerent
1203 3786 1360 3866 mundum

381 3921 440 3967 nec
462 3900 644 3983 mundialia,
666 3901 721 3964 sed
744 3902 832 3986 quod
855 3901 989 3966 omnino
1012 3903 1226 3989 relinquerent
1248 3917 1360 3968 cuncta

421 4207 445 4254 9.
459 4196 482 4241 Α
494 4193 519 4240 in
529 4202 618 4249 marga
636 4190 770 4239 Conclusio.
788 4189 896 4238 Christus
909 4204 958 4239 non
973 4192 1002 4238 ad
1012 4193 1059 4239 lroc
1069 4166 1104 4240 est
1113 4205 1205 4254 passus,
1219 4199 1244 4240 nt
1256 4192 1361 4253 acqnlrat
1484 4246 1485 4250 Ἰ
1511 4209 1515 4217 ’

384 4262 487 4309 domlnla
509 4262 574 4309 clero
600 4262 692 4319 (dhare
706 4261 978 4320 tyr-vlthontmsrlrol
989 4262 1127 4319 mereare).
1230 4261 1258 4309 ri.
1273 4262 1360 4311 Auia

383 4344 471 4391 marga
484 4331 573 4379 Florio.
1077 4342 1080 4346 ’
