3262 5226
499 619 670 675 sortiaris
687 620 834 674 wreus.
1002 601 1081 689 [cre.
1099 615 1152 663 xx„

177 782 271 845 ducta
285 780 318 843 in
334 779 520 861 thalamum,
543 778 718 842 secundum
735 798 905 842 numerum
921 779 1160 863 octogenarium
1174 792 1235 866 ¹93¹
1247 796 1274 850 A

177 884 292 949 dicitur
318 883 511 964 concubina;
536 882 592 946 sed
614 881 710 946 tercio
732 882 805 967 plus
819 883 970 946 accedens
992 883 1032 946 ad
1054 885 1192 955 unita-3

179 1003 244 1053 tem
276 1009 337 1075 que
365 1001 412 1053 est
434 987 542 1052 omnia
565 986 598 1049 in
621 986 769 1051 omnibus
791 999 920 1051 notatur
941 987 1000 1050 sub
1028 989 1160 1054 nomine

179 1095 284 1178 regine
320 1108 352 1159 et
387 1093 447 1156 sub
484 1112 619 1157 numero
654 1091 854 1176 sexagenario
892 1105 966 1175 post
1009 1092 1161 1157 miliciam

179 1197 416 1282 triumphalem
459 1197 513 1260 sed
549 1179 662 1282 quarto
699 1196 828 1282 quando
872 1198 1007 1262 cessabit
1053 1199 1193 1270 omnis4

179 1302 315 1382 exactio,
349 1323 420 1366 area
451 1301 552 1367 tocius
585 1301 712 1365 ecclesie
745 1300 838 1386 plene
868 1315 1003 1387 purgata
1030 1304 1162 1387 apalea

180 1427 237 1493 per
258 1406 470 1471 ventilabrum
485 1405 587 1470 finalis
603 1405 720 1488 iudicii,
736 1426 801 1469 non
818 1408 965 1472 derelicta
979 1407 1012 1470 in
1028 1428 1162 1493 corpore

181 1511 283 1576 tocius
313 1511 442 1576 ecclesie
475 1511 600 1575 macula
631 1510 697 1574 sive
726 1531 815 1596 ruga,
845 1527 922 1577 tunc
953 1512 1066 1577 dicitur
1097 1534 1163 1579 una

180 1616 328 1681 columbo
339 1616 456 1701 adepto
472 1615 534 1680 fine
550 1613 678 1678 unitatis
693 1614 860 1698 caritative,
872 1618 1047 1682 secundum
1062 1639 1162 1703 quam

182 1735 248 1786 tota
275 1720 403 1785 ecclesia
432 1733 479 1785 est
500 1718 654 1785 Christus
677 1720 847 1785 Patetrsta
868 1721 1028 1786 sentencia
1051 1722 1207 1796 Canu-10

131 1854 162 1940 p
183 1846 295 1890 corum
316 1824 376 1890 v1⁰
391 1840 423 1890 et
442 1823 574 1909 sparsim
596 1823 700 1888 alibi'
692 1846 723 1887 in
748 1845 905 1909 processu.
930 1825 1062 1890 lntendo
1086 1848 1163 1912 ergo

131 1907 173 1993 iii
184 1930 271 1995 illam
302 1943 424 2014 partem
457 1927 592 1993 mediam
629 1928 745 1993 scilicet
777 1929 935 1994 canticum
964 1929 1004 1997 de
1028 1932 1166 1997 muliere

131 2011 264 2120 mjotti
289 2033 445 2098 succincte
476 2047 683 2098 transcurrere
706 2047 737 2097 et
759 2032 958 2099 difficultates
989 2034 1165 2120 profundas

184 2155 249 2205 tarn
280 2137 487 2224 expositorias
517 2158 615 2223 quam
646 2128 824 2202 scolasticus
847 2139 1062 2228 superioribus
1084 2141 1165 2208 meis

183 2244 368 2329 relinquere.
404 2243 507 2309 Video
542 2256 649 2307 tamen
687 2241 773 2328 (licet
809 2241 956 2329 obscure)
984 2248 1164 2329 ‚quomodo
1178 2263 1207 2317 15

182 2348 287 2413 omnis
309 2346 478 2414 difficultas
496 2347 608 2433 logica,
625 2346 842 2433 philosophica
864 2347 912 2410 vel
937 2348 1166 2433 methaphisica

183 2452 355 2518 includitur
375 2453 409 2516 in
432 2452 638 2537 scripturade
653 2465 759 2516 sancta
775 2466 874 2516 matre
890 2452 1030 2534 ecclesia,
1050 2476 1164 2539 ymmo

185 2557 234 2644 (ut
249 2556 488 2621 habundancius
503 2552 629 2644 loquar)
651 2557 677 2620 si
700 2557 778 2642 quid
799 2556 979 2622 subtilitatis
1005 2574 1165 2644 repertum

184 2677 230 2729 est
251 2683 270 2725 a
293 2661 385 2726 nobis
406 2661 439 2724 in
462 2661 567 2746 aliqua
589 2661 719 2725 istarum
741 2661 871 2744 arcium,
887 2661 954 2726 eius
970 2664 1165 2729 sentenciam

184 2766 288 2831 innuit
318 2766 408 2830 nobis
431 2765 560 2851 spiritus
583 2779 710 2829 sanctus
732 2765 764 2829 in
788 2766 910 2830 cantico
940 2767 1164 2852 sapientissimi
1176 2801 1209 2839 ιο

131 2902 156 2935 ee
184 2871 366 2936 Salomonis
402 2872 441 2935 de
478 2884 584 2935 sancta
621 2885 719 2934 matre
755 2871 893 2953 ecclesia,
920 2873 1166 2938 Proverbiorum

137 2975 312 3057 mcxxxv,
342 2996 388 3056 ro,
422 2958 592 3039 Mulierem
615 2976 740 3060 fortem
777 2978 847 3058 quis
888 2978 1045 3059 roverteo
1078 2981 1167 3064 quod

131 3023 312 3194 :adpotest
312 3079 433 3143 dividi'
425 3101 457 3142 ιιι
474 3095 534 3143 trcs
557 3094 669 3163 partes,
692 3080 723 3141 in
747 3101 882 3163 quarum
902 3082 1005 3164 prima
1025 3098 1168 3147 narratur

131 3205 175 3251 ise.
142 3164 313 3248 ecclesie
336 3200 441 3248 sancte
465 3185 659 3268 coniugium,
682 3186 713 3247 in
737 3186 873 3248 secunda
896 3187 1126 3251 describitur
1098 3210 1166 3253 erus

186 3288 330 3353 officium
356 3305 387 3354 et
413 3290 445 3352 in
468 3291 560 3354 tercia
583 3290 829 3353 concluditur
803 3312 869 3353 cius
893 3292 1088 3375 preconium.
1176 3312 1208 3363 25

228 3393 335 3456 Primo
364 3408 470 3457 autem
493 3394 684 3478 supponitur
706 3416 772 3458 csse
795 3416 897 3458 unum
919 3395 1060 3480 primum
1087 3415 1201 3468 con-13

184 3498 307 3580 iugium
344 3499 432 3583 quod
469 3498 507 3561 sit
545 3513 682 3562 metrum
720 3499 867 3562 omnium
904 3500 1040 3563 aliorum
1085 3502 1167 3566 inter

186 3601 392 3665 fortissimum
414 3602 555 3666 virorum
578 3617 609 3666 ct
632 3603 795 3666 mulierem
812 3603 870 3666 sibi
887 3604 1165 3687 proposcionalem

188 3704 376 3789 laciendum,
397 3727 469 3769 nam
487 3709 661 3770 secundum
677 3707 883 3791 philosophos
899 3708 931 3770 in
946 3709 1035 3772 omni
1050 3731 1166 3793 genere

185 3825 230 3873 cst
254 3811 414 3894 reperibile
445 3813 504 3874 tale
536 3812 686 3895 primum.
719 3812 751 3874 ln
784 3834 897 3894 genere
920 3834 996 3896 ergo
1024 3814 1163 3899 coniugii
1177 3831 1210 3883 30

186 3915 349 3999 supposita
372 3915 589 3980 incarnacione
611 3915 695 3980 verbi
720 3914 821 4000 (quod
845 3931 891 3981 est
914 3919 999 3980 Deus
1023 3918 1112 3981 lortis
1135 3935 1166 3984 et

184 4034 297 4104 potens
320 4020 353 4082 in
376 4019 490 4104 prelio)
510 4035 635 4105 oportet
658 4021 795 4084 invenire
818 4021 875 4084 sibi
901 4022 1069 4107 coniugem
1085 4025 1165 4089 bene

185 4123 308 4190 fortem.
331 4126 405 4188 ldco
428 4125 531 4208 primo
547 4129 585 4189 de
601 4127 653 4189 illa
668 4126 823 4211 queritur:
844 4127 1019 4191 Mulierem
1033 4129 1164 4213 sortem

224 4357 240 4390 ι.
260 4347 282 4391 Α
302 4347 325 4391 in
349 4358 436 4402 mara:
450 4347 484 4392 De
503 4349 693 4405 insincerum,
708 4349 847 4395 concubinis
874 4357 896 4395 et
919 4351 1007 4405 reginis
1029 4349 1167 4399 Salomonis

186 4419 278 4471 (above
288 4416 337 4471 ¹9³⁴
350 4417 448 4462 without
458 4420 522 4463 marl
531 4419 559 4464 ol
567 4419 698 4474 reference).
786 4420 847 4466 an:
863 4421 883 4465 sl
894 4420 976 4466 tercio.
1064 4423 1166 4468 salin

188 4497 275 4542 maras
296 4486 420 4544 Exporiclo
434 4486 508 4532 illinss
528 4486 650 4533 llullereue
661 4487 754 4546 sortem
773 4489 825 4546 quis
837 4490 945 4535 inveniet.
1050 4491 1088 4535 ati.
1102 4494 1125 4535 Α
1139 4491 1164 4537 in

188 4556 438 4614 marpssuppoeicio.
467 4556 675 4602 bromnsnnurn.
780 4557 809 4602 3ι.
825 4557 932 4616 lisqnod
946 4567 982 4605 est
995 4561 1116 4606 dominns.
