3262 5226
133 460 150 525 Β
635 430 810 531 sonsum
827 474 975 531 maur.
1140 452 1224 546 [css.
1237 468 1302 517 ω

133 644 285 695 unum
300 646 406 717 κῦτος
435 652 496 699 nec
526 630 673 721 ”quitur
700 652 741 697 ex
770 630 835 699 isto
865 635 957 721 qnod
985 632 1142 698 debemus
1167 612 1407 718 credere191⁴0

133 703 291 849 '¹22⁸ss
300 736 468 807 murittum
504 736 552 805 sic
587 756 780 803 concurrere
816 736 852 803 iu
886 735 1091 824 protensione
1128 734 1296 800 ministerii
1403 811 1407 818 ¹

559 967 664 1013 uses
710 966 772 1013 cte
874 966 1040 1012 structu
1112 966 1213 1009 et

299 1072 363 1140 que
385 1066 433 1120 est
453 1050 642 1119 univussiis
663 968 734 1117 ¹:ive
763 1052 931 1121 carbonen
965 1051 1058 1119 Unde
1083 1048 1323 1118 Enchendions

299 1156 383 1241 LX⁰‚
403 1158 538 1243 qnando
551 1156 719 1245 dyabolus
737 1157 888 1243 corporis
907 1176 1025 1222 sensns
1026 1155 1137 1242 saliit,
1156 1162 1296 1218 mentem

298 1282 378 1329 nero
398 1280 465 1328 non
479 1273 588 1329 movet
604 1281 626 1327 a
641 1276 722 1327 vern
737 1271 893 1348 unaque
912 1260 1053 1327 sciencia
1076 1279 1142 1347 pun
1158 1259 1299 1343 quisque

212 1366 215 1371 ’
299 1369 397 1433 vtum
407 1366 545 1453 fidelem
571 1367 672 1452 gerii,
701 1364 834 1431 saliunt
867 1376 917 1431 est
949 1365 985 1429 irs
1014 1364 1179 1449 reiigione
1202 1362 1297 1447 pm·-

299 1454 647 1555 circumtonsus
667 1470 790 1535 bonane
801 1468 943 1556 fingens
963 1487 1003 1534 ea
1014 1467 1108 1554 serit
1127 1467 1196 1533 sive
1217 1465 1299 1530 dicit

298 1596 363 1663 pne
376 1576 469 1643 bonu
487 1576 620 1662 angelis
635 1582 837 1659 congruont,
852 1572 988 1639 ecinmsi
1005 1571 1162 1638 credatur
1180 1570 1297 1652 bonus,
1310 1600 1342 1640 ιο

300 1702 365 1747 non
376 1694 427 1748 est
434 1700 533 1748 error
545 1680 724 1746 christiane
725 1676 814 1765 fidei
822 1680 1033 1764 periculosus
1045 1686 1106 1742 eut
1119 1674 1296 1741 morbidus.

304 1788 386 1855 Cant
407 1806 485 1853 nero
492 1805 560 1871 per
578 1786 638 1850 hec
658 1784 770 1849 aliena
792 1782 838 1847 ad
856 1801 919 1849 sna
933 1784 1046 1868 incipit
1066 1781 1198 1859 ducere,
1219 1790 1299 1845 tunc

300 1912 376 1961 enm
398 1890 567 1957 dinoscere
587 1890 712 1955 noeirs
729 1898 811 1973 post
830 1908 906 1954 enm
926 1905 1051 1975 magne
1065 1897 1096 1952 et
1110 1885 1297 1952 necessaria

302 1995 479 2085 vigilando
500 2007 560 2061 est.
590 1994 670 2061 Vult
699 1991 759 2059 iste
790 2006 920 2057 sanctus
947 1991 1051 2057 dicere
1079 1990 1171 2076 quod
1193 1991 1298 2054 multe

302 2116 377 2167 sunt
406 2120 471 2185 que
497 2097 600 2165 fidelis
621 2118 727 2185 neque
748 2111 877 2163 tenetur
897 2096 993 2183 plene
1015 2108 1048 2162 et
1066 2094 1340 2183 particulariterss

303 2206 427 2271 credere
455 2224 560 2292 neque
589 2202 778 2286 discredere,
809 2203 866 2268 sed
895 2214 959 2268 stat
980 2200 1049 2267 sine
1066 2198 1198 2265 monili
1220 2219 1298 2265 cum

302 2308 470 2376 ionnidine
491 2308 610 2376 falsum
631 2308 768 2407 credere,
791 2320 828 2373 ut
848 2319 937 2394 patet
959 2307 999 2371 de
1018 2303 1226 2393 opinantibus
1245 2304 1299 2370 vel

301 2412 520 2499 reputantibus
556 2412 660 2479 multa
696 2412 784 2477 bona
820 2424 852 2477 et
887 2410 1037 2497 religiosa
1072 2411 1114 2474 de
1143 2408 1297 2475 membris

302 2517 430 2605 dyaboli
462 2516 536 2583 licet
566 2516 661 2601 [ὡς
696 2518 755 2583 sed
789 2528 921 2601 oportet
950 2534 1062 2581 caven
1094 2535 1135 2580 ne
1164 2512 1298 2580 affectus

302 2642 360 2708 per
389 2642 583 2689 consensum
612 2622 656 2688 ad
684 2620 824 2687 vetitum
844 2620 1022 2687 edomuit.
1045 2618 1163 2685 Omnis
1185 2633 1341 2687 automno

297 2746 391 2793 ‘error
420 2726 453 2791 in
484 2724 615 2791 veritate
646 2724 774 2791 videtur
806 2722 885 2790 mihi
916 2744 1027 2812 sapere
1060 2738 1229 2811 peccatum
1256 2724 1297 2787 ad

303 2830 477 2896 minimum
498 2829 632 2897 veniale
660 2830 724 2897 Sed
745 2830 911 2895 redeundo
934 2830 1115 2895 notandum
1137 2826 1299 2914 estquod

133 2953 276 3002 nasoon
304 2955 371 3001 non
401 2934 545 3021 sequitur
577 2957 615 3000 ex
646 2934 709 3000 isto
741 2936 833 3021 quod
868 2934 1037 3001 haberetur
1063 2934 1173 3020 quoad
1193 2952 1297 2997 sacre·

133 3013 295 3118 hi'ii'nip'i'so
305 3055 450 3104 mentum
491 3038 659 3106 eukaristie
703 3039 838 3104 devocio
874 3038 1042 3122 laicorum,
1079 3038 1155 3124 quia
1191 3050 1300 3121 potest

133 3123 175 3207 nie‘
187 3109 295 3218 ίιῖιῖἰῗῖἷέι
305 3145 486 3228 contingere
508 3143 597 3230 quod
620 3142 781 3208 efficacius
795 3157 828 3207 et
843 3143 1023 3207 meritorius
1045 3143 1179 3228 accipiat
1198 3142 1341 3208 laicusni

133 3222 243 3313 ⁹⁹81}th
257 3213 286 3260 ot
306 3269 421 3334 corpus
435 3248 564 3328 Christi,
583 3248 742 3312 credendo
764 3247 798 3310 in
820 3247 929 3331 ipsum
951 3246 984 3310 in
1008 3248 1077 3312 celo
1092 3262 1124 3312 et
1138 3247 1299 3312 credendo

305 3353 489 3437 generaliter
524 3366 761 3416 sacramentum
800 3350 985 3415 universalis
1022 3352 1163 3432 ecclesie,
1197 3372 1298 3437 qnam

306 3459 398 3523 datus
419 3456 518 3521 laicus
539 3457 590 3521 vel
604 3457 624 3497 ·
638 3457 785 3521 sacerdos
808 3454 864 3540 qui
887 3456 948 3519 sub
970 3456 1092 3519 actibus
1119 3476 1298 3520 sacramen·
1313 3475 1373 3538 192·

306 3561 420 3626 talibus
443 3561 661 3647 corporalibus
684 3560 800 3645 accipit
823 3579 940 3643 corpus
961 3558 1090 3624 Christi.
1113 3562 1197 3625 Nam
1219 3559 1299 3625 ritus

306 3666 376 3730 telis
409 3686 475 3729 non
505 3664 634 3751 proficit
664 3665 724 3728 nisi
753 3665 794 3728 de
817 3678 938 3750 quanto
961 3662 1102 3747 disponit
1123 3665 1164 3727 ad
1185 3680 1344 3748 accep-30

307 3770 432 3835 cionem
456 3784 487 3834 et
509 3768 796 3833 manducationem
820 3767 962 3852 corporis
982 3766 1099 3833 Christi
1122 3769 1301 3832 secundum

307 3874 448 3939 animam
478 3874 511 3937 in
543 3872 607 3938 fide
638 3887 670 3937 et
702 3872 831 3938 cecitate
863 3869 917 3957 (de
948 3893 1013 3958 qua
1048 3872 1301 3937 manducatione

306 3979 377 4046 Joh.
400 3979 459 4044 V1⁰
480 3978 625 4078 loquitur
645 3979 736 4042 iesus
759 3971 892 4064 noster).
908 3977 983 4040 Non
1006 3974 1093 4055 enirn
1115 3995 1199 4060 nego
1220 3975 1300 4063 quin

347 4200 367 4248 5.
380 4203 404 4248 Α
422 4201 447 4248 in
469 4212 556 4259 merra
571 4202 735 4257 Augustinus:
756 4201 784 4246 in
796 4200 867 4247 codd.
886 4199 1046 4248 Eucheridion
1059 4183 1165 4253 txvni,
1183 4205 1248 4246 recte
1261 4196 1302 4245 LX

308 4271 355 4318 vid.
368 4274 433 4328 Ans.
447 4270 511 4328 opp.
525 4278 584 4317 ton.
599 4270 641 4326 vt,
654 4282 709 4328 pap.
722 4268 771 4317 as.
845 4281 869 4328 ⁹·
882 4271 960 4328 ΑΑμ
974 4269 1010 4316 sel
1023 4271 1053 4317 si.
1127 4266 1158 4315 ri.
1167 4266 1197 4314 Ιι
1213 4278 1303 4325 nme
1404 4310 1406 4314 .

309 4349 333 4388 et
354 4342 436 4389 nolte
516 4351 552 4386 eo.
574 4341 596 4386 Α
610 4341 657 4398 Δρ
677 4336 847 4395 intendent:
928 4350 960 4385 at.
973 4341 997 4386 Α
1010 4341 1055 4399 Agr
1073 4337 1208 4386 inveritate
1225 4338 1301 4384 deest.
1367 4394 1373 4402 .

208 4452 213 4460 .
309 4420 343 4456 aa.
357 4412 417 4458 Ain
431 4421 522 4468 naras
535 4409 667 4456 Concinsio
681 4409 795 4456 notanda.
900 4408 935 4456 ²3.
949 4407 981 4455 Be
995 4406 1126 4455 δεῦεν..
1197 4442 1201 4449 .
