3262 5226
139 590 192 677 μδ
265 644 271 653 .
656 610 828 669 souma
844 608 994 667 marr,
1141 587 1322 683 [canxvuu

180 756 462 877 ¹⁸·me
478 766 614 833 ΜΨ
632 788 772 835 m
783 780 872 855 PM
886 786 925 831 α
942 765 1123 832 testimonio
1141 779 1355 835 sanctoruma
1371 781 1399 836 B

171 880 374 995 maffia
402 870 533 937 ΨΜ*
563 872 653 959 ‘1⁰⁰⁶
674 886 723 939 “t
743 892 849 939 ⁰⁰¹¹OE
873 890 991 957 ‘⁰¹P¹¹⁸
1012 869 1129 937 Christi
1165 870 1324 935 misticum
1338 866 1395 921 ¹86·

141 986 322 1097 moa
342 974 561 1063 rumpotinum
582 998 623 1043 ex
644 976 776 1045 ecclesie
796 974 964 1057 militante,
977 974 1153 1041 dormiente
1167 987 1200 1039 et
1211 974 1324 1039 trium·

163 1100 238 1153 w·
250 1092 299 1141 aet
342 1074 472 1167 pbnnte,
490 1080 574 1147 sicut
585 1082 739 1169 allegatus
754 1096 803 1149 eet
820 1079 967 1168 superius
976 1080 1187 1165 Augustinus,
1201 1078 1325 1143 Enche-

152 1146 309 1205 ΨΜ
342 1182 447 1251 ridiou
460 1184 580 1253 thv·
592 1186 788 1273 cap-,LXV'
803 1206 874 1273 cap.
895 1198 928 1251 et
942 1184 1059 1249 LX1X⁰
1079 1204 1161 1271 cap,
1181 1198 1212 1251 et
1233 1183 1351 1253 tunes

343 1286 574 1367 Quertiooibua
593 1289 707 1357 veteris
725 1304 757 1357 et
780 1284 966 1379 noreieg'ia
987 1308 1057 1373 cap.
1080 1289 1220 1355 xuvlte

376 1392 461 1467 ,Nou
478 1414 557 1481 ergo
574 1406 700 1461 tantum
718 1392 967 1489 diduunpaicut
985 1393 1163 1458 substancia
1181 1407 1212 1460 et
1229 1410 1361 1464 suumn

344 1496 729 1587 accideracumuueque
737 1482 992 1591 ecdeaii⁸dicitur
999 1496 1328 1565 rubetanciaeiusdcru

343 1600 458 1687 speciei
465 1602 1029 1691 specialissimequiabomonmmo
1038 1600 1327 1686 secuudumpbilo·

293 1738 296 1743 ,
344 1706 464 1791 aopboe
484 1708 666 1775 rrtbstancia
679 1722 711 1775 et
724 1694 960 1773 adama-runt
973 1726 1075 1773 unum
1087 1707 1197 1792 aliquo
1217 1706 1329 1787 modo,
1341 1737 1373 1774 ιο

344 1808 422 1897 quie
441 1830 547 1877 unum
562 1832 619 1899 per
630 1811 787 1894 accidens,
808 1810 892 1877 sicut
905 1823 1031 1897 oportet
1045 1811 1210 1877 doctorem
1223 1808 1327 1874 dicere

345 1915 386 1981 de
398 1914 545 2000 personis
558 1916 687 1983 ecclesie
701 1930 734 1983 et
747 1915 811 1983 fide
824 1936 890 2003 qua
906 1914 960 1980 ille
973 1935 1107 2002 persone
1121 1927 1198 1981 sunt
1211 1912 1328 1999 innua-

344 2018 417 2085 iiter
445 2018 585 2087 ecclesia.
615 2020 658 2087 Et
677 2034 839 2108 quantum
864 2020 906 2085 ad
928 2018 1121 2085 evidenciam
1143 2031 1270 2105 captam
1291 2036 1329 2084 ex

345 2122 531 2189 testimonio
552 2123 738 2211 Augustini,
757 2137 847 2211 patet
867 2124 959 2211 quod
979 2123 1100 2191 inducit
1113 2121 1330 2210 ignoranciam

345 2226 515 2313 arguentis.
541 2228 626 2293 Nam
645 2248 758 2295 verum
779 2241 828 2292 eat
850 2224 902 2316 (ut
922 2247 997 2313 repe
1018 2228 1111 2292 docet
1131 2228 1331 2314 Augustinus
1343 2241 1372 2296 rs

187 2392 191 2397 .
346 2350 385 2397 ea
405 2329 467 2396 fide
488 2330 656 2419 scripture)
676 2333 768 2421 quod
781 2331 913 2398 ecclesia
932 2343 980 2397 est
992 2332 1149 2398 maculata
1164 2346 1195 2399 et
1214 2353 1329 2418 rugosa

165 2446 246 2495 ram
258 2459 299 2495 m
345 2436 424 2500 dum
446 2434 572 2521 militat,
592 2438 649 2503 sed
669 2437 805 2503 omnino
823 2436 895 2523 siue
915 2436 1043 2503 mortali
1057 2436 1107 2502 rel
1122 2436 1234 2502 veniali
1249 2439 1330 2502 dum

139 2498 325 2601 misse

139 2607 185 2653 Μ
195 2550 336 2651 marre
346 2538 531 2625 triumphat.
553 2542 616 2626 Sed
638 2542 774 2609 omnino
789 2541 946 2607 dementia
969 2540 1049 2608 foret
1063 2563 1101 2607 ex
1115 2541 1183 2606 istis
1196 2561 1329 2627 arguere

140 2642 561 2757 wffirdirersitatem
581 2645 762 2734 specificam
783 2646 910 2712 iliarum
933 2645 1145 2729 ecclesiarum,
1167 2645 1218 2710 vel
1239 2646 1330 2730 quod

159 2762 310 2809 unm·
348 2768 414 2815 non
435 2748 471 2815 iit
492 2769 559 2815 una
579 2770 618 2815 ex
638 2750 712 2834 illia,
734 2750 785 2815 vel
806 2750 897 2837 quo'd
910 2750 932 2797 *
946 2771 1010 2816 une
1029 2749 1192 2816 infinitum
1207 2748 1331 2815 excedit
1343 2759 1403 2817 186⁸

167 2812 302 2913 am
346 2852 442 2918 aliam
463 2854 496 2918 in
519 2854 717 2939 perfeccione
739 2854 911 2921 uaeucidi
938 2857 1019 2921 Nam
1042 2856 1154 2919 beatus
1175 2854 1277 2920 viator
1299 2867 1331 2919 et

204 3006 208 3013 .
348 2958 541 3043 dampnatur
572 2974 646 3024 sunt
676 2960 820 3025 eiusdem
850 2958 964 3044 speciei
986 2958 1217 3044 specialissime,
1241 2979 1329 3024 com·

348 3077 474 3147 ponunt
496 3082 600 3128 uuum
620 3084 722 3149 genus
743 3064 923 3128 humanum
946 3077 977 3127 et
999 3074 1073 3127 sunt
1094 3083 1185 3148 pares
1207 3063 1240 3126 in
1258 3084 1330 3148 per·

348 3164 488 3233 feccione
520 3168 701 3251 essentiali3
733 3183 764 3233 et
795 3183 902 3233 tamen
933 3182 1006 3233 sunt
1028 3167 1112 3232 illius
1135 3167 1331 3233 condicionis

348 3273 437 3356 quod
458 3271 589 3337 inferior
605 3286 651 3337 est
666 3274 781 3358 plenus
802 3273 977 3344 maculaet
996 3293 1141 3359 rugosus,
1164 3287 1196 3337 et
1217 3291 1330 3336 secun·
1342 3284 1373 3336 25

349 3376 409 3440 dus
430 3389 477 3441 est
499 3377 633 3441 omnino
655 3376 724 3440 sine
746 3378 871 3442 macula
892 3376 943 3440 vel
964 3398 1050 3461 ruga.
1077 3378 1232 3442 Accidens
1255 3395 1330 3460 ergo

349 3503 415 3545 aon
445 3480 546 3545 variat
577 3494 703 3546 tantum
734 3501 834 3546 unam
871 3480 1081 3546 substanciam
1109 3482 1149 3545 ab
1171 3481 1241 3546 alia.
1264 3481 1330 3544 Nec

350 3587 432 3652 valet
471 3588 577 3652 dicere
609 3589 697 3674 quod
735 3603 783 3654 eat
818 3589 891 3652 dare
927 3609 1025 3654 unum
1057 3602 1262 3675 aggregatum
1293 3606 1329 3650 ex

349 3692 529 3756 substancia
559 3705 590 3756 et
622 3692 804 3774 accidente,
827 3706 962 3776 utputa
995 3713 1033 3756 ex
1054 3692 1163 3757 habitu
1184 3692 1258 3757 fidei
1281 3690 1330 3754 in·

349 3792 423 3859 fuso
459 3811 491 3861 et
529 3796 708 3862 substancia
744 3796 929 3882 aggregatis,
973 3810 1042 3861 tum
1080 3796 1156 3882 quia
1199 3810 1332 3882 negatur
1342 3805 1375 3857 30

350 3898 420 3963 talia
446 3900 552 3965 unitas
573 3900 606 3964 in
631 3900 841 3965 fundamento
872 3900 1095 3984 responsionis,
1127 3914 1197 3965 tum
1230 3899 1333 3964 eciam

351 4002 425 4089 quia
440 4003 518 4093 ,talis
539 4004 665 4069 babitus
689 4003 762 4069 fidei
786 4024 919 4068 mancus
940 4017 1092 4089 perpetuo
1115 4004 1265 4088 migraret
1292 4004 1332 4067 de

348 4107 493 4173 ‘subiecto
515 4107 549 4172 in
571 4108 751 4174 subiectum
765 4123 797 4173 et
816 4108 967 4192 reciperet
992 4109 1167 4192 peregrinas
1192 4106 1331 4192 predica-

352 4212 456 4275 ciones
488 4210 637 4277 formales
667 4213 785 4278 alienas
816 4234 834 4275 a
856 4226 968 4277 natura
991 4211 1225 4293 universalium,
1246 4211 1333 4274 unde

351 4317 384 4380 in
406 4316 689 4383 confirmacionem
711 4315 889 4403 supradicte
911 4315 1076 4382 sentencie.
1343 4320 1375 4375 ³5

389 4556 421 4606 31.
434 4518 466 4604 br
479 4564 503 4604 et
516 4556 677 4605 madameato.
784 4553 819 4604 to.
832 4553 917 4612 Under
928 4553 991 4601 ande
1002 4553 1039 4612 ω
1053 4608 1056 4615 ,
