3262 5226
477 701 649 759 tonsurus
667 700 815 755 wreus.
966 680 1048 773 [car.
1063 696 1136 745 xm.

157 863 299 947 capitulo
330 861 453 939 Quibus
484 859 622 923 mortuis
644 857 810 944 suffragia
833 859 964 924 ecclesia
987 870 1139 944 prosunt,
1150 881 1210 947 ¹99·
1226 879 1252 930 A

109 935 117 1030 f
157 966 243 1052 quod
259 980 401 1050 quatuor
416 961 579 1028 beneficiis
594 963 776 1048 specialiter
791 963 993 1046 adiuvantur,
1019 965 1138 1028 scilicet

111 1104 148 1138 ve
157 1069 325 1134 missarum
355 1067 637 1150 celebrationibus,
671 1066 789 1132 sanctis
818 1066 1033 1145 oracionibus,
1061 1068 1138 1130 ami·

109 1158 267 1238 '⁸³corum
291 1172 471 1239 elemosinis
487 1185 520 1236 et
541 1170 669 1236 ieiuniis
686 1184 909 1255 cognatorum.
933 1171 995 1236 Sed
1020 1171 1138 1257 quibus

156 1279 290 1343 mortuis
324 1289 460 1363 prosunt
488 1275 548 1341 hec
579 1275 733 1359 suffragia
765 1275 923 1340 scolastici
951 1275 1037 1340 varie
1069 1275 1163 1362 opi-5

156 1396 282 1448 nentur.
317 1380 459 1460 Quidam
487 1381 573 1445 enim
603 1380 714 1444 dicunt
740 1380 829 1465 quod
858 1379 952 1444 nullis
979 1380 1036 1465 qui
1064 1392 1140 1445 sunt

156 1486 190 1551 in
217 1486 343 1552 inferno
377 1499 513 1571 prosunt
544 1484 674 1571 penitus
707 1484 855 1548 vivorum
888 1484 1049 1569 suffragia,
1083 1486 1138 1548 sed

157 1605 282 1656 tantum
310 1589 372 1655 hiis
399 1591 454 1675 qui
477 1603 553 1654 sunt
576 1589 609 1653 in
633 1589 834 1673 purgatorio.
866 1588 1005 1655 Secundi
1028 1589 1140 1653 dicunt

157 1695 244 1781 quod
267 1709 405 1780 prosunt
427 1695 580 1760 om‘nlbus
604 1693 799 1777 regeneratis
822 1694 877 1778 qui
893 1695 972 1758 dum
995 1695 1140 1757 viverent

158 1813 344 1865 meruerunt
377 1814 413 1864 ut
444 1799 489 1864 eis
520 1797 658 1863 mortuis
690 1799 879 1884 prodessent
909 1797 1075 1883 suffragia,
1107 1811 1184 1869 etto

109 1889 121 1933 i
160 1905 235 1990 quia
259 1926 323 1969 non
348 1903 527 1969 sufficimus
550 1903 731 1967 discernere
753 1904 811 1988 qui
828 1916 1015 1968 meruerunt
1037 1905 1139 1988 etqui

160 2029 237 2092 non,
268 2010 325 2094 qui
360 2009 566 2073 decesserunt
598 2008 630 2071 in
663 2009 789 2072 mortali
818 2022 849 2072 et
877 2008 1032 2093 quinon,
1067 2009 1140 2072 ideo

160 2134 289 2179 oramus
311 2114 502 2199 generaliter
523 2132 584 2198 pro
604 2112 757 2178 omnibus
773 2114 977 2198 regeneratis.
1001 2114 1043 2178 Et
1058 2115 1142 2180 valet

159 2219 258 2283 eclam
280 2239 342 2303 pro
364 2218 546 2304 dampnatis
570 2218 826 2303 quodammodo,
851 2238 924 2294 curn
955 2237 1016 2303 pro
1050 2219 1141 2282 valde

159 2324 250 2388 bonis
272 2336 349 2388 sunt
371 2322 550 2406 graciarum
572 2321 729 2403 acciones,
754 2341 815 2406 pro
830 2322 1035 2386 mediocriter
1049 2323 1140 2388 bonis
1155 2341 1184 2394 15

159 2442 191 2493 et
213 2429 304 2492 malis
324 2439 401 2492 sunt
416 2425 679 2511 propiciationes,
701 2446 761 2509 pro
778 2427 869 2490 valde
890 2427 981 2490 malis
1005 2441 1141 2511 prosunt

159 2547 194 2596 ut
222 2532 429 2598 tollerabilior
455 2529 497 2594 sit
520 2530 566 2594 eis
591 2530 795 2615 dampnatio.
828 2531 935 2595 Prima
962 2546 1071 2597 autern
1093 2548 1142 2598 est

159 2637 268 2722 opinio
292 2636 518 2720 theologorum
544 2649 575 2700 et
603 2637 744 2700 secunda
769 2637 938 2701 doctorum
963 2655 1139 2719 canonum;

160 2761 222 2826 que
244 2742 318 2808 licet
336 2741 377 2805 sit
392 2741 493 2824 magis
516 2741 581 2825 pla,
604 2742 708 2825 prima
730 2755 836 2807 tamen
852 2755 900 2806 est
915 2742 1016 2825 magis
1030 2743 1139 2806 catho·

159 2846 228 2913 lica.
251 2846 421 2930 Hugucius
444 2860 551 2911 tamen
575 2846 655 2910 dicit
676 2847 764 2931 quod
788 2847 898 2931 opinio
914 2847 1137 2930 theologorum
1149 2879 1183 2916 20

161 2970 274 3034 parum
301 2951 399 3015 distat
421 2951 462 3014 ab
490 2950 608 3033 heresi,
636 2970 710 3014 cum
738 2951 779 3014 de
807 2965 947 3036 quatuor
969 2952 1139 3035 generibus

161 3055 385 3119 defunctorum
400 3055 538 3119 eundem
555 3056 730 3120 constituat
746 3057 840 3119 simul
857 3071 888 3120 et
903 3059 1002 3120 semel
1019 3058 1141 3121 bonum

162 3174 192 3224 et
219 3162 351 3224 malum.
385 3161 459 3223 ldco
488 3161 600 3223 dicunt
629 3161 797 3224 decretiste
825 3162 912 3245 quod
942 3163 1141 3244 Augustinus

162 3265 314 3347 intellegit
329 3265 362 3327 in
377 3265 429 3328 illa
446 3265 603 3328 divisione
616 3265 868 3349 quadrimembri
885 3285 940 3351 per
955 3268 1143 3331 excellenter

162 3372 262 3434 bonos
285 3389 340 3433 eos
367 3370 422 3453 qui
450 3385 527 3434 sunt
553 3371 584 3433 in
614 3370 693 3450 celo,
721 3391 778 3455 per
810 3370 1012 3434 mediocriter
1040 3371 1185 3442 bonos25

161 3475 329 3538 salvandos
358 3475 398 3537 ad
425 3488 553 3558 tempus
586 3489 765 3559 spectantes
798 3476 829 3539 in
858 3475 1055 3560 purgatorio,
1086 3495 1144 3559 per

162 3580 365 3643 mediocriter
387 3581 487 3643 malos
520 3580 712 3663 dampnatos
747 3581 858 3644 leviter
885 3581 916 3643 in
948 3578 1084 3660 inferno,
1112 3593 1145 3643 et
1188 3643 1211 3662 ,-

161 3704 217 3767 per
237 3684 425 3748 excellenter
447 3685 550 3748 malos
573 3685 766 3770 dampnatos
789 3685 923 3768 gravius.
954 3685 994 3747 Et
1017 3685 1143 3748 duobus

200 3887 266 3934 3131
286 3888 361 3934 sacris
379 3888 539 3933 oracionibus.
647 3893 670 3933 b.
684 3889 706 3932 Α
720 3887 743 3933 ln
759 3901 848 3945 marga
867 3887 1012 3936 Oracionum
1030 3888 1141 3947 suffragia

162 3971 191 4004 an
205 3959 339 4016 dampnatis
354 3966 452 4017 prosunt
464 3958 552 4014 (Belou
567 3967 620 4017 ¹99·
634 3959 732 4004 without
745 3961 811 4005 mark
820 3958 848 4004 oi
855 3958 993 4015 reference).
1072 3959 1144 4014 17.1n

138 4076 144 4081 ,
162 4029 244 4076 cotun
258 4028 334 4085 prlma
347 4028 429 4086 lnquit.
536 4039 570 4072 1ο.
585 4030 607 4073 Α
620 4028 645 4074 ln
659 4039 747 4084 marga
762 4028 892 4085 liuguclus.

206 4205 247 4244 1ο.
273 4190 312 4242 De
332 4189 450 4257 Hugutio
472 4190 620 4255 glossatore
641 4187 694 4241 vid.
716 4204 798 4258 supra
820 4205 879 4260 pag.
906 4193 954 4245 115
980 4201 1007 4243 et
1031 4189 1142 4242 Fabricii

165 4275 356 4330 bibliothecam
374 4276 481 4328 latinam
501 4275 546 4339 Vl,
562 4291 622 4344 pag.
645 4273 703 4328 183.
725 4276 766 4329 Ci.
787 4276 903 4342 Schulte,
921 4277 1081 4330 Geschlchte
1099 4278 1147 4329 der

164 4364 278 4428 Quellen
302 4364 356 4415 und
379 4364 510 4415 Literatur
526 4363 574 4414 des
596 4363 784 4416 Canonischen
801 4364 899 4417 Rechts
916 4365 936 4431 l,
953 4381 979 4432 p.
1001 4363 1147 4436 ¹⁵⁶-¹.70·

164 4451 203 4504 De
222 4451 364 4512 hostiensi,
382 4450 418 4503 ib.
435 4449 467 4517 ll,
483 4466 511 4520 p.
532 4451 676 4521 113-119.
760 4453 800 4506 13.
818 4451 979 4520 Augustinus
1000 4454 1027 4505 in
1048 4451 1147 4504 Enchi·
1187 4476 1192 4483 ·

163 4538 231 4590 ridlo
252 4534 355 4589 deiide
375 4551 423 4605 spe
443 4548 470 4589 et
490 4537 595 4590 caritate
616 4554 673 4608 cap.
686 4539 752 4591 CIX.
773 4539 854 4609 (Opp.
866 4551 931 4591 tom.
944 4540 987 4604 Vl,
1004 4555 1066 4610 pag.
1085 4537 1147 4609 138)

164 4623 214 4675 aad
232 4639 255 4676 c.
272 4624 363 4689 xxlll,
381 4638 460 4675 causa
477 4624 545 4690 xm,
562 4640 589 4693 q.
608 4625 639 4678 tt
662 4623 783 4695 Tempus.
