3262 5226
572 483 576 489 ⁵
677 506 853 575 'tonsurus
871 521 1020 575 wtctu.
1225 497 1308 592 [cnr.
1322 513 1365 562 tv.

374 704 465 769 persa
494 680 535 745 sit
564 679 618 742 illa
647 692 754 742 sancta
784 678 932 742 Romana
962 676 1092 742 ecclesia
1122 679 1162 740 de
1192 696 1258 762 qua
1291 677 1360 740 iura
1370 692 1431 762 ¹40⁸
1444 694 1473 748 n

374 790 549 874 loquuntur
572 803 646 847 cum
668 781 784 847 sanctis
807 782 1000 847 doctoribus.

417 905 509 973 Unde
531 904 571 967 ad
593 903 846 987 imprimendum
867 904 901 967 in
923 903 1016 968 nobis
1045 903 1140 967 istam
1166 900 1394 969 sentenciam0

374 1013 408 1075 io
431 1024 524 1075 cantu
547 1007 675 1072 ecclesie
689 1029 746 1094 per
757 1008 867 1073 beatos
881 1009 1092 1073 Ambrosium
1101 1024 1133 1075 et
1142 1007 1360 1094 Augustinum

375 1111 557 1198 composito
595 1128 694 1177 mater
731 1127 839 1177 nostra
870 1113 914 1176 sic
952 1115 1057 1177 Deum
1093 1113 1282 1199 alloquitur:
1317 1111 1360 1176 Te
1371 1125 1392 1178 5>

367 1242 434 1306 per
447 1222 558 1285 orbem
567 1228 733 1283 terrarum
742 1229 858 1282 sancta
874 1217 1045 1303 confitetur
1059 1217 1081 1265 'l‘
1096 1218 1242 1283 ecclesia.
1266 1217 1307 1279 Et
1328 1214 1362 1277 in
1374 1234 1432 1298 ¹40⁸

374 1344 497 1390 canone
531 1323 627 1388 misse
658 1320 764 1407 primo
796 1335 828 1386 et
858 1322 1072 1407 principaliter
1107 1322 1271 1387 offerimus
1302 1340 1361 1406 pro

374 1442 483 1493 sancta
505 1426 636 1492 ecclesia
657 1425 823 1506 catholica,
846 1442 882 1491 ut
904 1428 989 1490 Deus
1019 1427 1166 1511 dignetur
1188 1424 1361 1511 pacificare,

375 1533 535 1598 custodire
557 1545 588 1594 et
610 1530 756 1595 adiuvare
779 1550 852 1594 eam
874 1546 944 1596 toto
974 1533 1051 1596 orbe
1078 1545 1242 1596 terrarum.
1270 1530 1363 1596 Unde

375 1657 443 1701 non
469 1635 605 1700 dubium
626 1647 732 1698 oratur
753 1655 814 1719 pro
836 1635 1098 1719 principalissima
1125 1634 1255 1701 ccclesia
1281 1634 1363 1698 mili·
1375 1663 1407 1700 ro

375 1757 463 1808 tante
485 1763 584 1827 quam
599 1760 748 1824 suppono
759 1760 828 1803 esse
840 1740 1019 1804 Romanam
1030 1739 1363 1824 ecclesiamverump·

168 1855 223 1919 nse
236 1856 299 1913 rope
312 1853 358 1899 wi
374 1861 483 1912 tamen
505 1845 586 1910 inter
606 1859 711 1929 partes
737 1843 806 1908 cius
835 1844 868 1908 in
895 1845 1137 1929 comparacione
1166 1845 1223 1909 ad*
1237 1843 1363 1930 quanti·

160 1909 475 2017 llallffl‘nliimtem
505 1963 580 2013 sunt
610 1969 694 2034 papa
721 1963 752 2012 et
781 1969 878 2012 suum
908 1949 1080 2032 collegium
1111 1969 1183 2032 pars
1215 1947 1365 2033 precipua

176 2012 353 2120 stampas
375 2053 538 2139 dignitate,
559 2054 640 2117 dum
660 2067 769 2117 tamen
785 2067 959 2137 sequantur
974 2053 1139 2117 Christum
1154 2050 1366 2138 propinquius

375 2172 407 2223 et
429 2156 602 2222 deserendo
633 2155 752 2221 fastum
777 2170 874 2241 atque
901 2156 1077 2243 primatum
1108 2156 1245 2222 serviant
1272 2154 1365 2220 matri
1379 2168 1409 2224 ι5

376 2282 433 2326 sue
456 2260 612 2326 efficacius
625 2276 721 2346 atque
742 2260 906 2326 humilius.
919 2263 1004 2326 Nam
1019 2260 1164 2325 faciendo
1180 2261 1368 2346 oppositum

169 2376 358 2474 ⁰:2⁶&ng
376 2379 451 2429 sunt
473 2364 567 2429 nidus
581 2365 808 2448 hereticorum,
823 2380 989 2449 apostema
1003 2366 1170 2452 putridum
1186 2380 1216 2430 et
1231 2365 1368 2451 ydolum
1451 2415 1453 2417 .

209 2480 316 2526 uermes.
376 2467 586 2534 desolacionis
612 2489 686 2533 cum
709 2469 777 2533 aliis
800 2470 989 2534 monstrosis
1013 2469 1198 2535 nominibus
1220 2468 1253 2533 in
1281 2490 1368 2533 sacra

320 2551 350 2610 β’
375 2573 493 2660 pagina
514 2572 720 2659 prophetatis.

424 2695 466 2759 Et
482 2716 522 2759 ne
537 2693 656 2779 fingam
664 2693 759 2760 istam
769 2695 974 2776 sentenciam,
984 2715 1055 2760 ecce
1065 2697 1228 2760 decretum
1239 2694 1368 2760 ecclesie
1377 2723 1411 2761 so

379 2801 427 2865 De
442 2799 624 2863 Penitencia
638 2800 669 2861 d.
687 2800 728 2863 1²:
749 2799 911 2882 Ecclesia,
922 2799 1036 2885 inquit,
1054 2800 1175 2864 Christi
1186 2821 1250 2864 noa
1274 2800 1369 2864 labet

341 2888 348 2907 '
379 2907 543 2969 maculam
567 2922 668 2986 neque
690 2923 814 2988 rugam
842 2915 899 2967 aut
929 2905 1057 2988 aliquid
1083 2904 1287 2983 huiscemodi·
1312 2906 1371 2987 qui
1405 2980 1413 2991 ·

380 3029 462 3093 ergo
490 3019 700 3091 peccatorum
737 3007 834 3073 sorde
872 3010 982 3091 aliqua
1015 3010 1199 3074 snaculatus
1237 3007 1296 3085 es't,
1330 3007 1371 3072 de

380 3113 516 3176 ecclesia
533 3111 652 3175 ctrtsti
674 3132 738 3174 non
750 3121 859 3195 potest
874 3112 1050 3195 appellari.
1066 3113 1248 3196 Maculam,
1264 3112 1369 3198 inquit

380 3218 481 3300 glosa,
509 3215 543 3280 id
573 3223 631 3292 est,
660 3215 798 3279 heresim
822 3217 874 3278 vel
898 3218 1035 3280 mortale
1060 3228 1244 3299 peccatum,
1269 3230 1414 3301 nequeas

382 3341 513 3405 rugam,
524 3318 558 3382 id
565 3330 623 3398 est,
633 3319 751 3381 scisma
764 3319 815 3382 vel
827 3320 963 3383 veniale.
974 3319 1035 3383 Sed
1051 3318 1111 3383 hoc
1122 3320 1215 3382 credo
1230 3341 1289 3403 ego
1298 3342 1373 3385 cum

381 3438 490 3488 sancto
514 3422 643 3485 Thomu
665 3422 777 3485 debere
800 3409 974 3486 modificari
998 3424 1038 3486 ad
1060 3438 1179 3487 statum
1202 3425 1311 3510 patrie,
1340 3440 1372 3491 et

381 3527 432 3590 hic
455 3526 638 3612 quicunque
660 3540 707 3589 est
730 3525 762 3587 in
780 3527 904 3589 macula
920 3528 1062 3593 mortalis
1086 3528 1217 3612 peccati,
1232 3545 1370 3614 protunc

380 3629 486 3695 deficit
511 3631 550 3693 ab
572 3628 708 3694 humido
732 3630 833 3695 fluent
848 3632 1070 3714 continuante,
1093 3632 1157 3697 hoc
1189 3650 1247 3718 est,
1269 3638 1372 3720 gracia

384 3735 561 3798 secundum
582 3749 760 3819 presentem
782 3734 949 3804 iusticiam.
1339 3721 1343 3727 ¹
1380 3749 1414 3803 30

167 3848 376 3949 ostgsotqnqun
429 3839 520 3903 Unde
553 3839 641 3921 glosa
659 3837 756 3902 obicit
783 3839 816 3902 in
840 3840 1035 3904 contrarium
1058 3862 1113 3925 per
1136 3843 1200 3908 duo
1224 3845 1407 3929 capitula?

235 3954 307 4011 ςιοιι
385 3942 528 4006 videlicet
558 3943 682 4026 xxtllt,
719 3965 749 4029 q.
791 3944 844 4024 lV,
876 3965 943 4027 cap.
990 3943 1087 4009 Forte
1124 3962 1156 4012 et
1184 3969 1254 4034 cap.
1297 3949 1372 4015 Hec

425 4125 448 4172 8.
462 4126 492 4173 lis
507 4135 531 4173 ut
544 4129 659 4186 dignetur.
728 4142 751 4189 9.
765 4131 789 4176 Α
803 4129 826 4175 ln
840 4142 927 4186 marga
942 4128 1082 4176 Conclusio.
1156 4145 1192 4193 ²4.
1206 4135 1239 4181 Be
1253 4136 1331 4197 laquis
1344 4160 1368 4173 -

386 4208 469 4254 ragam
483 4197 555 4243 deest
608 4196 644 4244 ss.
659 4198 689 4243 Ba
703 4208 799 4258 oportet
811 4201 858 4246 hoe
871 4200 951 4247 credo.

431 4372 472 4409 st.
489 4358 592 4409 Decreti
610 4373 661 4410 sec.
678 4376 747 4428 pers,
766 4362 966 4426 csussXXlllll,
977 4379 1003 4433 q.
1014 4365 1209 4433 ttt,csp.Lxx.
1233 4323 1277 4419 3¹.
1294 4320 1363 4421 Dect

386 4458 440 4497 see.
457 4460 526 4514 pars,
544 4459 624 4497 csuss
639 4446 732 4514 xxltt,
750 4463 777 4516 q.
796 4449 841 4514 lV,
859 4463 939 4519 capp:
956 4452 990 4506 xt
1009 4452 1060 4505 aad
1083 4451 1140 4505 XV.
