3262 5226
151 513 222 561 cae.
232 495 284 588 nt]
524 510 571 563 nt:
589 507 768 562 Rucuma.
1320 501 1369 583 ¹9⁵

63 694 141 750 :155⁴
150 676 194 738 sic
217 672 306 759 quod
329 688 412 733 unus
440 666 548 731 fuisset
576 668 713 730 omnino
740 667 883 731 inmunis
912 668 952 730 ab
973 666 1217 747 alleccionerta
1232 684 1373 745 asanaa

150 778 327 843 inordinata
362 774 403 836 ad
445 770 643 855 temporalia,
684 786 716 835 et
752 785 788 836 ut
823 771 868 835 sic
909 772 1148 857 aliquantulum
1160 736 1372 853 as'nii‘ssidaua

150 882 312 945 venialiter
326 890 444 941 nocens
465 876 535 957 sibi,
558 889 590 940 et
604 876 772 939 occasione
789 875 871 939 male
898 890 1026 960 accepta
1051 877 1149 961 plene
1194 842 1350 888 'mm

151 982 362 1070 superbiendi,
385 980 459 1065 plus
475 998 594 1044 nocens
616 1000 678 1043 suo
693 979 800 1063 generi
816 980 1008 1045 succedenti.
1031 968 1146 1046 Potuit

127 1090 238 1153 §enirn
279 1086 429 1165 renuisse,
470 1085 553 1149 sicut
594 1084 706 1148 beatus
742 1084 945 1169 Evangelista
980 1099 1012 1150 et
1050 1086 1146 1150 ceteri

149 1191 287 1277 apostoli
314 1189 368 1276 qui
392 1201 524 1273 possent
555 1187 587 1250 in
611 1202 699 1251 tanta
722 1188 830 1273 quiete
853 1189 1062 1274 assumpsisse
1084 1190 1146 1254 sibi

150 1311 181 1360 et
217 1293 453 1360 successoribus
486 1291 551 1355 suis
589 1306 712 1356 tantam
751 1292 881 1377 copiam
918 1294 1148 1379 temporalium

150 1421 247 1485 qunm
272 1397 465 1485 pmdencius
488 1396 694 1480 reliquemnt.
717 1398 784 1461 Nec
801 1411 959 1486 repugnat
982 1398 1033 1464 isti
1056 1399 1148 1484 quod

149 1506 248 1570 sancti
272 1502 501 1568 canonizantur
523 1501 554 1564 in
578 1501 708 1565 ecclesia
729 1517 760 1565 et
779 1501 1002 1568 beatificantur
1015 1503 1048 1567 in
1063 1505 1147 1586 celo,

109 1629 223 1672 iocum
249 1621 382 1692 possunt
408 1607 460 1671 hic
487 1605 628 1691 penitere
651 1619 683 1670 et
704 1606 737 1669 in
757 1607 944 1693 purgatorio
966 1609 1145 1675 emendari.

151 1712 243 1794 Quis,
276 1712 418 1798 inquam,
447 1725 573 1775 sanctus
595 1731 614 1774 a
637 1725 749 1775 sancto
771 1725 958 1776 sanctorum
980 1711 1142 1777 exclusive

151 1837 252 1903 usque
284 1820 323 1881 ad
355 1817 568 1880 novissimum
592 1830 738 1880 sanctum
771 1837 838 1879 non
872 1815 1013 1901 peccavit
1040 1815 1143 1881 eciam

149 1917 342 1987 mortaliter?
379 1922 455 1985 ldeo
485 1922 534 2007 (ut
561 1940 635 2005 sepe
667 1918 746 2005 dixi)
774 1920 889 1986 cecitas
916 1941 1032 2004 magna
1061 1919 1144 1986 foret

150 2026 242 2089 nobis
262 2025 483 2110 superstitibus
498 2026 631 2108 allegare
647 2025 725 2089 tales
748 2025 906 2110 argutias:
930 2025 991 2089 lste
1015 2040 1143 2090 sanctus

109 2130 192 2193 r5sic
222 2128 305 2212 fecit,
336 2150 412 2214 ergo
446 2128 538 2193 nobis
569 2129 642 2193 licet
673 2129 717 2194 sic
749 2128 896 2194 faciendo
927 2131 1144 2216 quodcunque

149 2255 232 2318 opus
255 2233 419 2298 consimile
441 2234 651 2318 approbando
674 2232 842 2298 defendere
865 2249 897 2300 et
919 2254 1044 2317 augere.
1069 2236 1143 2299 Hoc
1164 2250 1222 2297 uae
1235 2254 1297 2351 osup
1310 2253 1362 2301 aar·

149 2339 233 2402 enim
266 2338 468 2424 privilegium
501 2338 677 2423 specialiter
711 2354 906 2404 reservatum
932 2353 980 2404 est
1012 2338 1143 2403 Christo
1153 2305 1271 2412 allisi,
1281 2309 1372 2405 &2¹11

148 2442 204 2527 qui
237 2464 303 2507 non
326 2443 432 2528 potuit
456 2464 593 2527 peccare,
628 2457 663 2508 ut
686 2444 827 2508 nitamur
853 2444 943 2529 sequi
975 2444 1083 2529 ipsum
1109 2443 1142 2508 in

148 2549 300 2612 omnibus
326 2563 485 2634 quantum
517 2546 695 2613 sufficimus
727 2564 759 2613 et
791 2549 918 2614 nullum
950 2549 1051 2612 alium
1083 2548 1142 2612 nisi

106 2676 138 2712 ao
148 2654 187 2715 de
218 2669 340 2737 quanto
372 2653 480 2737 ipsum
503 2654 661 2738 sequitur;
693 2654 747 2716 sed
783 2668 915 2738 propter
938 2652 1144 2717 formidinem

148 2759 321 2823 mentiendi
355 2774 501 2823 neutram
533 2772 657 2843 partem
691 2779 809 2840 assero,
843 2759 892 2822 vel
922 2758 1011 2844 quod
1042 2756 1142 2822 sancti

148 2879 332 2929 meruerunt
353 2864 385 2927 in
410 2865 493 2929 dicta
516 2863 685 2928 dotacione
707 2864 758 2928 vel
786 2863 876 2948 quod
904 2863 1140 2928 demeruerunt.

190 2968 252 3031 Sed
281 2968 346 3033 scio
373 2971 464 3053 quod
491 2969 578 3053 prior
600 2982 700 3033 status
728 2968 789 3033 fuit
810 2967 994 3053 perfectior,
1021 2981 1053 3033 et
1074 2967 1141 3032 scio

110 3074 235 3158 Nquod
252 3074 387 3137 donacio
404 3073 430 3136 si
448 3072 506 3138 fuit
521 3072 722 3158 privilegium
739 3071 799 3138 fuit
822 3072 902 3137 facta
916 3095 935 3137 a
950 3071 1090 3155 Christo,
1109 3084 1142 3136 et

106 3178 214 3240 asscio
246 3180 333 3263 quod
357 3199 415 3241 nos
450 3180 603 3242 debemus
636 3179 681 3242 uti
715 3178 777 3242 hiis
805 3177 1035 3264 temporalibus
1056 3176 1139 3242 sicut

148 3282 190 3344 illi
224 3283 274 3347 usi
308 3298 392 3362 sunt,
424 3283 500 3366 quia
527 3284 617 3348 aliter
645 3283 821 3348 excidimus
844 3304 862 3346 a
886 3281 1051 3368 privilegio
1083 3302 1140 3367 per

146 3387 293 3449 abusum.
324 3385 357 3448 Si
381 3405 456 3468 ergo
480 3389 629 3452 volumus
657 3388 748 3473 sequi
775 3386 1139 3468 sanctos..confessores,
1170 3393 1345 3443 rivarotta.

1160 3446 1235 3493 saluts
1251 3448 1275 3494 la
1290 3463 1352 3507 pos·

147 3511 317 3574 arguamus
337 3511 392 3573 per
408 3491 517 3555 locum
532 3514 551 3556 a
567 3492 736 3557 sufficienti
752 3491 960 3556 similitudine
975 3492 1138 3576 sequendo
1169 3499 1363 3610 sapham

1215 3585 1224 3609 ‚

147 3615 202 3659 eos
225 3595 257 3656 in
289 3594 458 3659 affeccione
491 3612 521 3661 et
555 3619 615 3661 usu
648 3598 876 3683 temporalium
901 3617 1138 3678 concessorum,
1147 3564 1361 3705 filmggpnl·

103 3706 136 3756 30
147 3714 177 3763 et
193 3699 397 3763 conformiter
411 3702 535 3765 videtur
550 3703 715 3786 probabile
737 3702 769 3765 in
790 3702 953 3787 republica
967 3704 1008 3766 de
1022 3701 1137 3766 cesare

147 3820 178 3869 ct
200 3806 311 3869 ceteris
335 3808 448 3870 mundi
465 3807 662 3892 principibus
685 3806 775 3891 quod
801 3808 984 3871 laborarunt
1006 3819 1137 3890 peccato

146 3911 302 3993 superbie,
325 3913 468 3976 volentes
492 3912 522 3974 in
544 3911 705 3996 republica
720 3911 944 3995 solempnitate
959 3910 1136 3974 sacerdotes

185 4184 208 4229 9.
231 4168 263 4214 li:
279 4168 448 4214 beatificentur.
554 4165 584 4213 il.
607 4166 774 4223 Aiamsrna
798 4167 910 4224 Argaela.
1016 4179 1047 4213 st.
1067 4167 1091 4213 Α
1110 4165 1134 4211 la

145 4252 232 4296 marga
254 4240 367 4285 llotsntes
388 4244 411 4282 et
432 4236 571 4282 dotationes
590 4236 730 4295 recipientes
750 4236 770 4280 si
788 4244 811 4281 et
831 4237 952 4294 quomodo
971 4242 1133 4295 peceaverunt.

145 4309 178 4354 23.
193 4310 222 4354 lli
244 4310 307 4366 quod
323 4307 390 4359 peior
405 4314 492 4360 statuar
511 4309 533 4352 Α
549 4307 573 4352 in
588 4317 676 4360 marne
691 4305 801 4351 sciencia
815 4306 894 4352 triam.
1000 4303 1034 4351 af.
1055 4303 1086 4350 bs
1101 4304 1134 4350 utl

145 4379 220 4424 deest.
300 4376 334 4422 k.
349 4379 423 4432 ΑΑμ
443 4377 472 4422 de
482 4375 567 4422 cesare
583 4376 661 4430 alceste
677 4376 706 4421 lle
727 4377 852 4433 probabile
862 4376 891 4420 de
903 4374 991 4421 Cessrs
1007 4374 1134 4420 etceterls.

145 4448 177 4494 33.
192 4448 215 4493 ln
229 4450 313 4494 cudda
328 4448 472 4504 solempne.
800 4458 806 4470 ·

1000 4513 1047 4569 ι3*
