3262 5226
859 358 1029 411 ionnnnrs
1047 355 1195 409 turcus.
1369 335 1512 425 tenent

529 515 652 580 videtur
683 515 761 578 mihi
794 517 881 602 quod
913 514 1143 577 contendentes
1177 515 1312 596 superbe
1339 504 1418 575 circa
1442 510 1584 593 tulia154·
1600 526 1625 578 ο

528 619 690 705 privilegia
713 619 772 683 nisi
797 621 927 683 redeant
950 617 1112 682 humiliter
1143 618 1182 679 ud
1205 616 1360 679 unitatem
1383 614 1513 684 subiecti

528 724 674 806 invicem,
705 744 772 787 non
800 737 874 786 sunt
904 723 944 784 de
976 735 1086 785 sancta
1108 734 1208 783 matre
1231 719 1514 801 ecclesia‘dicente

527 829 654 892 decreto
677 827 795 912 Pelagii
818 847 901 912 pape
916 827 1030 908 xxiv,
1053 847 1085 911 q.
1111 826 1133 889 Ι.
1158 825 1332 890 Ριιᾰεηᾰαῑ
1354 825 1513 905 Ecclesia,

527 932 642 1018 inquit,
675 953 741 996 una
764 943 821 1014 est,
851 941 886 995 ut
902 939 999 1014 patet
1019 931 1053 994 in
1077 931 1224 1012 cairticis,
1246 942 1278 994 et
1300 930 1359 994 illa
1382 940 1430 993 est
1453 942 1539 1013 ques

516 1037 591 1122 Jide
618 1037 775 1122 formata
806 1056 873 1119 per
907 1035 1020 1100 orbem
1059 1035 1254 1120 diffunditur
1260 1050 1274 1114 ,⁰
1309 1034 1398 1119 quod
1433 1033 1516 1099 lecti

526 1142 704 1227 Augustini
733 1141 917 1205 testimonio
949 1141 1206 1224 comprobemus.
1244 1142 1358 1205 Audite
1382 1141 1460 1226 quid
1482 1141 1515 1203 in
1613 1223 1615 1226 Ι

527 1245 666 1331 quodam
683 1265 781 1329 opere
791 1265 853 1310 suo
857 1246 1129 1330 preclarissimus
1145 1246 1259 1310 doctor
1274 1247 1361 1310 dicat
1370 1246 1516 1310 ecclesie:
1538 1278 1542 1288 ·

527 1352 674 1415 Aiteirim
685 1350 781 1435 quod,
791 1373 863 1416 cnm
881 1354 973 1416 nullo
989 1353 1084 1416 modo
1099 1363 1185 1416 recte
1190 1361 1299 1434 potest
1308 1350 1373 1414 dici
1380 1350 1516 1414 ecclesia
1601 1431 1606 1441 ²

526 1458 559 1520 in
571 1477 637 1541 qua
647 1457 769 1520 scisma
779 1469 837 1536 est,
853 1470 956 1522 restat
967 1469 1011 1535 ut,
1028 1459 1183 1541 quoniam
1197 1457 1289 1519 nulla
1301 1476 1370 1520 esse
1381 1457 1516 1521 ecclesia
1530 1483 1561 1519 ιο

528 1580 591 1624 non
610 1571 728 1644 potest,
754 1581 792 1625 ea
815 1565 856 1626 sit
878 1583 976 1646 quam
999 1565 1032 1625 in
1058 1562 1147 1626 sedis
1167 1563 1341 1644 apostolice
1359 1577 1422 1643 per
1444 1580 1517 1625 suc·

527 1666 688 1730 cessiones
715 1668 939 1750 cpiscoporum
972 1667 1085 1731 radice
1112 1668 1315 1730 constitutam
1349 1667 1516 1729 nullorum

527 1770 693 1834 lominum
711 1772 842 1836 incilicia
864 1774 997 1836 eciamsi
1012 1783 1089 1835 nola
1112 1771 1244 1835 excludi
1267 1791 1330 1834 non
1350 1773 1463 1854 possit.

571 1875 619 1938 Ex
641 1875 703 1939 isto
727 1878 917 1959 notandum,
940 1877 1046 1961 primo
1066 1877 1234 1962 quomodo
1256 1877 1315 1938 iste
1337 1897 1419 1958 papa
1442 1876 1586 1942 alle-sl>

336 1986 491 2033 Tnenoman
526 1995 580 2062 gat
611 1981 830 2046 venerabiliter
856 1983 1091 2065 Augustinum:
1124 1981 1211 2065 quod
1235 1979 1325 2041 divisi
1349 2000 1367 2041 a
1390 1979 1559 2044 Christors

308 2041 401 2095 college
419 2053 472 2098 may
489 2041 519 2086 bs

320 2093 360 2189 *gf
369 2105 508 2190 {li‘iill‘
526 2106 583 2167 per
604 2085 757 2150 invidiam
780 2088 999 2150 extendentem
1022 2086 1185 2150 caritatem
1201 2105 1266 2146 non
1282 2097 1356 2147 sunt
1376 2084 1517 2148 membra

310 2196 519 2296 1101ῑάῑᾶὴὲὲὶοῐ
526 2190 664 2254 ecclesie.
688 2193 778 2256 Patet
801 2194 944 2256 secundo
967 2192 1067 2277 quod,
1091 2191 1115 2254 si
1140 2189 1311 2272 'collegium
1334 2190 1546 2255 Romanumo

525 2308 565 2357 stt
597 2294 641 2357 sic
673 2296 811 2360 divisum
842 2296 1001 2377 scismate,
1024 2313 1101 2360 tunc
1133 2297 1241 2379 ipsum
1264 2316 1328 2356 non
1353 2309 1399 2356 est
1422 2306 1518 2376 caput

526 2399 575 2460 vel
607 2419 678 2482 pars
701 2401 841 2483 ecclesie,
875 2402 951 2486 quia
983 2401 1088 2464 delicit
1112 2400 1189 2464 unio
1213 2398 1395 2482 apostolica.
1425 2398 1517 2461 Unde

526 2502 601 2567 dicit
632 2506 731 2588 quod,
763 2506 788 2568 si
821 2507 891 2570 talis
924 2507 1094 2591 episcopus
1125 2519 1288 2568 consecrat
1314 2503 1423 2584 alium,
1451 2523 1560 2570 nonso

526 2609 726 2674 consecracio
749 2612 804 2673 sed
827 2610 987 2675 execracio
1018 2610 1111 2672 debet
1134 2608 1205 2673 dici.
1230 2610 1270 2671 Et
1293 2609 1390 2672 tercio
1414 2607 1544 2671 notario

525 2729 632 2798 potest
679 2715 847 2800 quomodo
894 2728 1052 2777 crescente
1095 2713 1241 2796 superbia
1279 2728 1310 2776 et
1347 2711 1517 2796 cupiditate

526 2817 681 2902 primatus
696 2821 736 2882 de
752 2821 825 2883 loco
841 2820 981 2900 ecclesie,
997 2834 1102 2903 potest
1119 2817 1184 2881 fieri
1202 2840 1362 2903 synagoga
1377 2817 1517 2897 sathane,

526 2944 600 2986 curn
632 2945 729 2987 nemo
753 2938 949 3009 potestesse
973 2924 1089 2988 Christi
1113 2925 1162 2986 nel
1187 2923 1269 2986 Petri
1293 2922 1435 3002 vicarius,
1458 2921 1516 2985 nisi

525 3042 678 3112 sequatur
700 3050 755 3092 eos
784 3029 815 3091 in
839 3030 992 3104 moribus,
1026 3043 1061 3092 ut
1093 3044 1180 3112 patet
1203 3029 1273 3090 xl}
1296 3026 1560 3091 dictinccione:25

528 3133 600 3197 Non
635 3146 684 3198 est
703 3135 824 3220 facilc.
858 3137 898 3197 Et
930 3148 1015 3219 putet
1049 3135 1137 3219 quod
1169 3133 1241 3196 licet
1263 3133 1348 3195 clero
1377 3131 1517 3194 insistere

526 3236 606 3300 circu
623 3239 785 3323 privilegia
805 3255 937 3319 terrena,
961 3232 1145 3322 dc'quanto
1160 3250 1352 3320 promovent
1374 3237 1413 3299 ad
1437 3249 1515 3298 eter-

526 3359 583 3422 ua;
605 3344 693 3428 quod
715 3359 842 3428 oportet
858 3342 1006 3426 exemplo
1021 3358 1206 3406 sanctorum
1228 3356 1259 3406 et
1281 3340 1342 3404 fide
1365 3340 1517 3422 scripture

527 3448 662 3529 pensari,
687 3450 880 3512 nullomodo
903 3448 1080 3511 amittendo
1102 3446 1264 3530 privilegia
1287 3466 1349 3530 que
1372 3445 1517 3508 Christus
1527 3444 1560 3510 30

526 3551 612 3614 dedit
635 3568 766 3637 propter
787 3552 919 3637 aliquod
942 3553 1066 3614 bonurn
1090 3551 1212 3614 mundi.
1313 3617 1317 3623 ,

570 3656 633 3719 Sed
655 3657 753 3720 tercio
775 3657 923 3739 obicitur,
946 3677 1020 3719 cuni
1044 3655 1205 3739 privilegia
1228 3655 1344 3739 quibus
1373 3654 1552 3721 Cluistusll

527 3760 648 3823 dotavit
679 3761 842 3825 ecclesiam
876 3775 950 3825 sunt
971 3759 1163 3844 perfeccione
1186 3780 1283 3845 quam
1305 3774 1426 3822 terrena
1453 3758 1517 3844 pri·

567 4009 587 4043 a.
601 3999 625 4046 Α
638 3996 663 4044 ln
677 4011 766 4056 marga
787 3997 927 4044 Conclusio.
1034 3994 1068 4042 ³3.
1081 3998 1104 4043 tt
1118 3997 1142 4043 la
1156 4010 1244 4055 merga
1258 3994 1345 4042 Tercle
1357 3995 1472 4043 obtectio.

574 4195 597 4246 5.
626 4196 688 4246 llec.
714 4211 768 4248 sec.
797 4211 865 4264 pars.
897 4197 983 4247 Causa
1008 4194 1104 4262 lxlv,
1131 4211 1158 4263 q.
1185 4194 1204 4258 1,
1233 4210 1256 4246 e.
1283 4193 1396 4256 ΧΧΧΙΙΙ,
1423 4207 1437 4242 ι
1465 4191 1516 4243 len

529 4280 618 4331 words
637 4280 736 4350 having
754 4281 822 4334 bcea
840 4281 949 4334 altered.
1013 4320 1014 4324 ,
1134 4302 1137 4307 ¹
