3262 5226
311 604 375 666 152
842 598 1174 653 Joiiiiiiiiiswiciir.
1365 575 1507 669 [cievit

328 783 501 841 meningen
573 765 620 829 Ex
643 762 709 827 istis
734 758 901 844 colligitur,
923 755 1086 841 supposita
1112 756 1242 820 ueritate
1264 755 1512 840 informationis,
1525 777 1599 847 ¹49⁶]

309 834 518 946 ffl'fifflss
529 869 617 954 quod
639 865 713 930 dicti
729 865 793 928 duo
807 860 935 948 profugi
950 874 1022 945 post
1037 873 1159 924 tantam
1178 859 1431 926 inobedienciam
1446 883 1513 926 non

529 985 605 1038 sunt
626 969 773 1035 homines
794 967 866 1051 legii
888 964 969 1049 regis
990 964 1100 1046 nostri,
1116 984 1192 1029 nain
1212 964 1296 1028 idem
1311 978 1358 1029 est
1379 966 1513 1030 derelin-

529 1096 625 1163 quere
646 1072 816 1138 dominum
831 1084 862 1134 et
884 1069 1098 1153 derelinquere
1120 1069 1222 1154 legem
1247 1086 1355 1153 suam;
1377 1071 1432 1134 sed
1452 1070 1513 1155 ipsi

529 1192 672 1266 patenter
703 1174 932 1259 dereliquerant
966 1173 1070 1257 legem
1100 1172 1193 1256 regis,
1224 1194 1300 1238 cum
1336 1175 1540 1246 invaserants

530 1285 680 1349 citantem
710 1281 750 1343 ad
780 1280 929 1345 standum
959 1277 1019 1363 legi
1049 1277 1148 1361 regni,
1179 1278 1321 1344 volentes
1351 1300 1426 1344 cuin
1453 1281 1515 1345 hoc

529 1410 602 1474 rege
615 1388 716 1452 invito
735 1385 872 1448 incolere
886 1396 998 1446 terram
1012 1402 1115 1446 suam.
1130 1382 1205 1446 ldeo
1220 1404 1318 1447 omne
1332 1384 1517 1470 suffragium

529 1492 684 1580 privilegii
706 1490 786 1576 regis
817 1501 965 1553 tenentur
992 1487 1147 1570 amittere,
1178 1501 1210 1552 et
1244 1509 1319 1552 cum
1345 1488 1378 1553 iii
1405 1491 1517 1555 eadem

530 1596 761 1683 dampnacione
776 1592 839 1657 sint
853 1613 965 1657 omnes
979 1592 1034 1678 qui
1050 1591 1161 1658 fovent
1175 1607 1232 1658 aut
1246 1593 1354 1659 favent
1367 1594 1517 1659 iniuriam

532 1703 612 1767 dicte
634 1721 728 1766 cause
742 1699 775 1762 iii
791 1712 1011 1781 contemptum
1026 1696 1109 1780 regis
1129 1712 1160 1762 et
1175 1698 1274 1783 regni,
1297 1713 1329 1764 et
1343 1699 1560 1784 specialiterio

531 1807 576 1872 liii
598 1805 653 1892 qui
683 1805 743 1868 sub
769 1823 853 1888 pena
879 1803 1218 1868 excommunicacionis
1239 1806 1280 1869 ad
1302 1805 1518 1870 defensionem

531 1912 638 1996 legum
665 1907 751 1995 regni
783 1922 815 1973 et
845 1907 957 1993 regalie
987 1908 1069 1993 regis
1101 1909 1279 1994 specialiter
1309 1924 1384 1975 sunt
1414 1910 1518 1994 iurati,

532 2028 617 2100 patet
640 2027 756 2099 quante
778 2012 823 2076 illi
845 2011 1041 2078 forisfaciant
1063 2027 1173 2077 contra
1195 2034 1311 2100 regern.

313 2140 524 2189 ieiuniorem
577 2119 624 2183 Ex
655 2118 770 2203 quibus
804 2116 929 2180 videtur
964 2119 1051 2203 quod
1082 2117 1209 2203 publice
1241 2118 1518 2183 excomunicantes

313 2191 524 2240 toexconimiini·
568 2222 609 2237 ..
776 2220 783 2234 .
839 2221 847 2235 .
1002 2222 1010 2236 .
1075 2222 1083 2237 .
1199 2222 1230 2238 ..
1309 2223 1316 2236 .
1393 2223 1443 2238 ..

314 2255 367 2293 cate
385 2247 423 2291 iiie
442 2245 525 2301 iting’e
533 2236 692 2286 ministros
720 2242 800 2307 regis
823 2242 890 2285 sine
912 2243 1147 2287 examinacione
1176 2223 1318 2307 diligenti
1340 2224 1455 2305 delicti,
1488 2238 1562 2294 etii

316 2304 523 2396 'iiiiii‘iiieni
534 2325 708 2411 specialiter
729 2325 755 2389 si
770 2325 861 2389 iurati
884 2340 958 2390 sunt
972 2325 1076 2411 legem
1099 2327 1202 2412 ipsam
1219 2326 1396 2411 defendere,
1418 2328 1519 2392 offen·

368 2402 476 2461 ‘mm‘
533 2431 613 2495 dunt
634 2429 780 2494 nimium.
802 2431 887 2494 Nam
910 2430 989 2494 Gen.
1011 2432 1139 2513 xv1110,
1164 2452 1216 2515 20,
1241 2452 1292 2513 ai,
1316 2432 1392 2497 dicit
1412 2432 1518 2497 omni·

533 2535 634 2598 sciens
649 2535 690 2598 ad
705 2535 847 2599 dandum
865 2535 1046 2620 exemplum
1068 2535 1237 2619 iudicibus,
1259 2539 1425 2621 quomodo
1447 2538 1518 2601 dili·

533 2653 641 2723 genter
663 2639 838 2703 examinent
861 2660 998 2721 causam,
1024 2654 1198 2725 antequam
1226 2640 1327 2705 ferant
1349 2641 1517 2707 iudiciume

537 2743 680 2820 Clamor,
695 2743 807 2829 inquit,
818 2743 1026 2807 Sodomorum
1047 2743 1364 2827 multiplicatores&
1385 2746 1517 2812 descen·
1527 2781 1562 2819 20

534 2850 609 2913 dom
633 2859 665 2914 et
685 2848 797 2913 videbo
815 2859 925 2912 uirum
941 2846 1115 2913 clamorem
1134 2869 1234 2932 opere
1255 2851 1487 2932 compleverint
1499 2848 1519 2888 *
1531 2866 1593 2940 149⁴

534 2975 578 3018 aii
601 2975 665 3018 non
689 2963 737 3018 est
759 2954 805 3017 ita
828 2962 863 3016 iit
884 2956 996 3021 sciam.
1022 2954 1089 3018 Nec
1112 2942 1229 3019 sufficit
1251 2955 1422 3019 notorietas
1444 2957 1518 3019 sub·

535 3058 651 3123 stancie
674 3058 758 3141 facti,
780 3059 836 3122 sed
850 3071 979 3143 oportet
1000 3059 1089 3144 quod
1112 3059 1151 3123 sit
1167 3059 1332 3123 notorium
1355 3059 1520 3144 qualitate,

534 3163 609 3249 quia
632 3177 746 3227 notum
769 3176 815 3226 est
837 3164 926 3248 quod
948 3164 1227 3227 excommunicans
1255 3177 1386 3249 propter
1407 3184 1519 3246 opera·

535 3268 661 3332 cionem
683 3267 856 3352 legitimam
887 3267 1051 3332 iniuriatur
1083 3269 1360 3333 excommunicato
1392 3287 1519 3330 excom·
1532 3287 1564 3342 25

536 3372 730 3437 municando
752 3392 785 3436 se
808 3373 925 3457 ipsum.
1339 3449 1344 3458 ³

355 3497 457 3542 nemu·
470 3495 494 3540 in
580 3479 646 3542 Nec
669 3493 717 3544 est
739 3478 826 3542 color
841 3478 1112 3543 excommunicare
1128 3479 1309 3564 capitaneos
1324 3476 1556 3561 operacionisn

339 3549 441 3594 antherii
471 3559 511 3593 ere

322 3560 458 3698 nqeqqnpql
465 3611 527 3697 ¹coqn-
537 3581 677 3666 legitime
707 3596 837 3666 propter
858 3583 919 3647 hoc
946 3585 1033 3668 quod
1058 3598 1163 3668 preter
1185 3603 1295 3646 eorum
1319 3604 1521 3667 consensum,

323 3688 821 3802 ngiqgsngpdqyauctorisacionem
857 3689 907 3752 vel
951 3689 1150 3754 occasionem
1189 3690 1296 3753 datam
1332 3689 1445 3774 aliquis
1483 3690 1521 3766 de

336 3810 516 3907 ppeiiericqqp‘qq
538 3792 687 3857 comitiva
709 3792 781 3857 fecit
803 3815 885 3877 opus
908 3794 1094 3875 indebitum,
1110 3794 1186 3879 quia
1209 3794 1252 3857 sic
1274 3793 1418 3858 Christus
1441 3794 1522 3859 foret
1532 3813 1566 3866 30

538 3898 860 3962 excommunicandus
882 3919 940 3982 pro
965 3898 1045 3963 facto
1068 3897 1222 3978 Scarioth,
1244 3912 1275 3962 et
1297 3898 1428 3982 quilibet
1458 3898 1523 3962 dux

538 4002 690 4066 exercitus
713 4022 771 4087 pro
791 4022 984 4087 quocunque
1000 4002 1137 4066 facinore
1151 4002 1325 4067 commisso
1346 4022 1364 4065 a
1387 4022 1524 4087 persona

539 4105 587 4168 sui
603 4105 754 4170 exercitus
777 4119 808 4169 et
830 4105 932 4192 (quod
948 4107 1126 4171 evidencius
1146 4104 1207 4193 est)
1230 4105 1361 4191 quilibet
1382 4105 1523 4191 prelatus

544 4380 548 4386 ‚
584 4328 670 4374 nnio
684 4339 762 4387 margi
776 4326 910 4375 Conclado.
1012 4327 1114 4375 luni
1129 4328 1277 4386 reglsdeest.
1388 4343 1409 4387 7.
1424 4328 1525 4388 Berege

535 4396 635 4442 invicto.
751 4411 776 4457 9.
795 4398 826 4443 Di
849 4406 903 4443 iiiiii
925 4409 1015 4444 omnes
1127 4410 1151 4456 ⁹·
1173 4410 1205 4445 io.
1227 4397 1258 4443 ui
1281 4400 1360 4447 favent
1373 4399 1427 4446 dlctl
1442 4411 1523 4445 cause.

540 4477 573 4519 ¹⁴·
586 4466 609 4511 Α
623 4465 647 4511 lii
662 4479 750 4525 mergi
764 4465 902 4514 Conclusio.
1006 4479 1043 4521 ²⁴·
1059 4466 1092 4512 ui
1107 4469 1245 4514 notandum.
1260 4468 1290 4514 lis
1305 4469 1523 4515 excommunicatus

540 4542 642 4592 propter.
746 4534 784 4582 ³0.
796 4536 831 4582 De
845 4537 907 4583 fecit
1011 4536 1044 4583 32.
1058 4539 1082 4589 Δ
1095 4539 1118 4584 Α
1133 4537 1172 4596 Βμ
1186 4549 1330 4597 quocunque
1343 4537 1419 4588 deest.
