<?xml version="1.0" encoding="UTF-8"?>
<!DOCTYPE html PUBLIC "-//W3C//DTD XHTML 1.0 Transitional//EN"
    "http://www.w3.org/TR/xhtml1/DTD/xhtml1-transitional.dtd">
<html xmlns="http://www.w3.org/1999/xhtml" xml:lang="en" lang="en">
 <head>
  <title>
</title>
<meta http-equiv="Content-Type" content="text/html;charset=utf-8" />
  <meta name='ocr-system' content='tesseract 3.04.00' />
  <meta name='ocr-capabilities' content='ocr_page ocr_carea ocr_par ocr_line ocrx_word'/>
</head>
<body>
  <div class='ocr_page' id='page_1' title='image "./iohanniswyclift00mattgoog_0136.png"; bbox 0 0 3262 5226; ppageno 0'>
   <div class='ocr_carea' id='block_1_1' title="bbox 399 462 1575 569">
    <p class='ocr_par' dir='ltr' id='par_1_1' title="bbox 399 462 1575 569">
     <span class='ocr_line' id='line_1_1' title="bbox 399 462 1575 569; baseline -0.001 -26"><span class='ocrx_word' id='word_1_1' title='bbox 399 462 533 569; x_wconf 59' lang='lat' dir='ltr'>cmi</span> <span class='ocrx_word' id='word_1_2' title='bbox 774 488 1015 545; x_wconf 68' lang='lat' dir='ltr'>ocsmssrn</span> <span class='ocrx_word' id='word_1_3' title='bbox 1563 489 1575 554; x_wconf 76' lang='grc' dir='ltr'>ς</span> 
     </span>
    </p>
   </div>
   <div class='ocr_carea' id='block_1_2' title="bbox 283 642 1575 752">
    <p class='ocr_par' dir='ltr' id='par_1_2' title="bbox 283 642 1575 752">
     <span class='ocr_line' id='line_1_2' title="bbox 283 642 1575 752; baseline -0.021 -26"><span class='ocrx_word' id='word_1_4' title='bbox 283 674 312 729; x_wconf 81' lang='lat'>1&gt;</span> <span class='ocrx_word' id='word_1_5' title='bbox 328 653 537 741; x_wconf 75' lang='lat' dir='ltr'>141⁴ecclesie,</span> <span class='ocrx_word' id='word_1_6' title='bbox 560 651 693 738; x_wconf 88' lang='lat' dir='ltr'>quando</span> <span class='ocrx_word' id='word_1_7' title='bbox 715 649 812 712; x_wconf 90' lang='lat' dir='ltr'>instar</span> <span class='ocrx_word' id='word_1_8' title='bbox 832 647 912 711; x_wconf 75' lang='lat' dir='ltr'>Abel</span> <span class='ocrx_word' id='word_1_9' title='bbox 935 667 953 709; x_wconf 85' lang='lat' dir='ltr'>a</span> <span class='ocrx_word' id='word_1_10' title='bbox 976 665 1042 731; x_wconf 93' lang='lat' dir='ltr'>quo</span> <span class='ocrx_word' id='word_1_11' title='bbox 1057 646 1140 729; x_wconf 82' lang='lat' dir='ltr'>cepit</span> <span class='ocrx_word' id='word_1_12' title='bbox 1156 642 1286 708; x_wconf 84' lang='lat' dir='ltr'>ecclesia</span> <span class='ocrx_word' id='word_1_13' title='bbox 1308 652 1575 752; x_wconf 50' lang='lat' dir='ltr'>mntssssssfffgfi</span> 
     </span>
    </p>
   </div>
   <div class='ocr_carea' id='block_1_3' title="bbox 322 747 1575 3775">
    <p class='ocr_par' dir='ltr' id='par_1_3' title="bbox 322 747 1575 3775">
     <span class='ocr_line' id='line_1_3' title="bbox 396 747 1575 858; baseline -0.012 -34"><span class='ocrx_word' id='word_1_14' title='bbox 396 780 505 824; x_wconf 91' lang='lat' dir='ltr'>secure</span> <span class='ocrx_word' id='word_1_15' title='bbox 527 759 566 821; x_wconf 89' lang='lat' dir='ltr'>de</span> <span class='ocrx_word' id='word_1_16' title='bbox 589 776 649 820; x_wconf 87' lang='lat' dir='ltr'>sua</span> <span class='ocrx_word' id='word_1_17' title='bbox 669 750 862 818; x_wconf 72' lang='lat' dir='ltr'>beatitudine</span> <span class='ocrx_word' id='word_1_18' title='bbox 885 748 1009 835; x_wconf 81' lang='lat' dir='ltr'>corpori</span> <span class='ocrx_word' id='word_1_19' title='bbox 1032 748 1150 814; x_wconf 79' lang='lat' dir='ltr'>Christi</span> <span class='ocrx_word' id='word_1_20' title='bbox 1172 747 1384 813; x_wconf 83' lang='lat' dir='ltr'>insolubiliter</span> <span class='ocrx_word' id='word_1_21' title='bbox 1402 757 1575 858; x_wconf 54' lang='lat' dir='ltr'>fflffinio‘a&#39;</span> 
     </span>
     <span class='ocr_line' id='line_1_4' title="bbox 396 853 1373 948; baseline -0.004 -20"><span class='ocrx_word' id='word_1_22' title='bbox 396 864 606 948; x_wconf 85' lang='lat' dir='ltr'>incorporate.</span> <span class='ocrx_word' id='word_1_23' title='bbox 1119 853 1134 860; x_wconf 70' lang='grc'>”</span> <span class='ocrx_word' id='word_1_24' title='bbox 1370 856 1373 862; x_wconf 76' lang='grc'><strong>’</strong></span> 
     </span>
     <span class='ocr_line' id='line_1_5' title="bbox 440 955 1382 1034; baseline -0.011 -1"><span class='ocrx_word' id='word_1_25' title='bbox 440 967 533 1034; x_wconf 90' lang='lat' dir='ltr'>Unde</span> <span class='ocrx_word' id='word_1_26' title='bbox 555 965 589 1029; x_wconf 92' lang='lat' dir='ltr'>in</span> <span class='ocrx_word' id='word_1_27' title='bbox 612 975 710 1028; x_wconf 89' lang='lat' dir='ltr'>cantu</span> <span class='ocrx_word' id='word_1_28' title='bbox 732 959 863 1028; x_wconf 81' lang='lat' dir='ltr'>ecclesie</span> <span class='ocrx_word' id='word_1_29' title='bbox 877 958 928 1022; x_wconf 87' lang='lat' dir='ltr'>die</span> <span class='ocrx_word' id='word_1_30' title='bbox 944 956 1163 1024; x_wconf 87' lang='lat' dir='ltr'>Dedicacionis</span> <span class='ocrx_word' id='word_1_31' title='bbox 1183 958 1227 1023; x_wconf 85' lang='lat' dir='ltr'>sic</span> <span class='ocrx_word' id='word_1_32' title='bbox 1242 955 1382 1023; x_wconf 81' lang='lat' dir='ltr'>canitur:</span> 
     </span>
     <span class='ocr_line' id='line_1_6' title="bbox 372 1064 1078 1152; baseline -0.011 -17"><span class='ocrx_word' id='word_1_33' title='bbox 372 1088 386 1141; x_wconf 83' lang='lat'><strong>5</strong></span> <span class='ocrx_word' id='word_1_34' title='bbox 552 1069 627 1133; x_wconf 83' lang='lat' dir='ltr'>Rex</span> <span class='ocrx_word' id='word_1_35' title='bbox 651 1067 804 1131; x_wconf 80' lang='lat' dir='ltr'><strong><em>Salomon</em></strong></span> <span class='ocrx_word' id='word_1_36' title='bbox 817 1064 905 1152; x_wconf 79' lang='lat' dir='ltr'>jecit</span> <span class='ocrx_word' id='word_1_37' title='bbox 924 1064 1078 1147; x_wconf 81' lang='lat' dir='ltr'>tempium</span> 
     </span>
     <span class='ocr_line' id='line_1_7' title="bbox 599 1166 1087 1253; baseline -0.008 -17"><span class='ocrx_word' id='word_1_38' title='bbox 599 1173 704 1236; x_wconf 83' lang='lat' dir='ltr'>Cuius</span> <span class='ocrx_word' id='word_1_39' title='bbox 724 1172 831 1236; x_wconf 85' lang='lat' dir='ltr'>instar</span> <span class='ocrx_word' id='word_1_40' title='bbox 852 1181 884 1235; x_wconf 87' lang='lat' dir='ltr'>et</span> <span class='ocrx_word' id='word_1_41' title='bbox 904 1166 1087 1253; x_wconf 76' lang='lat' dir='ltr'>exemplum</span> 
     </span>
     <span class='ocr_line' id='line_1_8' title="bbox 554 1273 922 1343; baseline -0.008 0"><span class='ocrx_word' id='word_1_42' title='bbox 554 1277 704 1343; x_wconf 82' lang='lat' dir='ltr'>Christus</span> <span class='ocrx_word' id='word_1_43' title='bbox 724 1285 756 1341; x_wconf 85' lang='lat' dir='ltr'>et</span> <span class='ocrx_word' id='word_1_44' title='bbox 778 1273 922 1340; x_wconf 79' lang='lat' dir='ltr'>ecelesia.</span> 
     </span>
     <span class='ocr_line' id='line_1_9' title="bbox 598 1375 1183 1472; baseline -0.012 -26"><span class='ocrx_word' id='word_1_45' title='bbox 598 1379 668 1472; x_wconf 34' lang='lat' dir='ltr'>Sed·</span> <span class='ocrx_word' id='word_1_46' title='bbox 685 1391 754 1446; x_wconf 86' lang='lat' dir='ltr'>tres</span> <span class='ocrx_word' id='word_1_47' title='bbox 772 1390 887 1469; x_wconf 85' lang='lat' dir='ltr'>partes</span> <span class='ocrx_word' id='word_1_48' title='bbox 908 1387 986 1443; x_wconf 85' lang='lat' dir='ltr'>sunt</span> <span class='ocrx_word' id='word_1_49' title='bbox 1007 1377 1041 1441; x_wconf 84' lang='lat' dir='ltr'>in</span> <span class='ocrx_word' id='word_1_50' title='bbox 1065 1375 1183 1459; x_wconf 78' lang='lat' dir='ltr'>templo</span> 
     </span>
     <span class='ocr_line' id='line_1_10' title="bbox 558 1481 1000 1567; baseline -0.005 -18"><span class='ocrx_word' id='word_1_51' title='bbox 558 1485 726 1551; x_wconf 72' lang='lat' dir='ltr'>Trinitatis</span> <span class='ocrx_word' id='word_1_52' title='bbox 747 1484 808 1549; x_wconf 76' lang='lat' dir='ltr'>sub</span> <span class='ocrx_word' id='word_1_53' title='bbox 829 1481 1000 1567; x_wconf 81' lang='lat' dir='ltr'>exernpio:</span> 
     </span>
     <span class='ocr_line' id='line_1_11' title="bbox 357 1587 1024 1673; baseline -0.004 -19"><span class='ocrx_word' id='word_1_54' title='bbox 357 1625 389 1663; x_wconf 81' lang='lat' dir='ltr'>ro</span> <span class='ocrx_word' id='word_1_55' title='bbox 602 1590 725 1668; x_wconf 85' lang='lat' dir='ltr'>Ymma,</span> <span class='ocrx_word' id='word_1_56' title='bbox 747 1589 884 1673; x_wconf 76' lang='lat' dir='ltr'>summi,</span> <span class='ocrx_word' id='word_1_57' title='bbox 907 1587 1024 1653; x_wconf 80' lang='lat' dir='ltr'>media.</span> 
     </span>
     <span class='ocr_line' id='line_1_12' title="bbox 552 1695 1072 1781; baseline -0.006 -21"><span class='ocrx_word' id='word_1_58' title='bbox 552 1696 668 1760; x_wconf 67' lang='lat' dir='ltr'>himo</span> <span class='ocrx_word' id='word_1_59' title='bbox 689 1695 800 1781; x_wconf 84' lang='lat' dir='ltr'>signat</span> <span class='ocrx_word' id='word_1_60' title='bbox 821 1695 909 1760; x_wconf 76' lang='lat' dir='ltr'>viros</span> <span class='ocrx_word' id='word_1_61' title='bbox 930 1703 1072 1775; x_wconf 83' lang='lat' dir='ltr'>cunctos,</span> 
     </span>
     <span class='ocr_line' id='line_1_13' title="bbox 596 1798 1095 1882; baseline -0.002 -18"><span class='ocrx_word' id='word_1_62' title='bbox 596 1800 640 1864; x_wconf 85' lang='lat' dir='ltr'>Et</span> <span class='ocrx_word' id='word_1_63' title='bbox 662 1798 806 1865; x_wconf 79' lang='lat' dir='ltr'>secunda</span> <span class='ocrx_word' id='word_1_64' title='bbox 829 1800 893 1864; x_wconf 84' lang='lat' dir='ltr'>iam</span> <span class='ocrx_word' id='word_1_65' title='bbox 916 1798 1095 1882; x_wconf 76' lang='lat' dir='ltr'>defunctos,</span> 
     </span>
     <span class='ocr_line' id='line_1_14' title="bbox 639 1904 948 1971; baseline 0.003 -2"><span class='ocrx_word' id='word_1_66' title='bbox 639 1905 812 1971; x_wconf 74' lang='lat' dir='ltr'>Redivivos</span> <span class='ocrx_word' id='word_1_67' title='bbox 833 1904 948 1971; x_wconf 80' lang='lat' dir='ltr'>tercia.</span> 
     </span>
     <span class='ocr_line' id='line_1_15' title="bbox 440 2007 1386 2096; baseline -0.001 -22"><span class='ocrx_word' id='word_1_68' title='bbox 440 2011 481 2075; x_wconf 86' lang='lat' dir='ltr'>Et</span> <span class='ocrx_word' id='word_1_69' title='bbox 503 2022 663 2096; x_wconf 88' lang='lat' dir='ltr'>quantum</span> <span class='ocrx_word' id='word_1_70' title='bbox 684 2010 725 2073; x_wconf 88' lang='lat' dir='ltr'>ad</span> <span class='ocrx_word' id='word_1_71' title='bbox 752 2008 1009 2074; x_wconf 74' lang='lat' dir='ltr'>combinationes</span> <span class='ocrx_word' id='word_1_72' title='bbox 1036 2007 1180 2094; x_wconf 90' lang='lat' dir='ltr'>parcium</span> <span class='ocrx_word' id='word_1_73' title='bbox 1210 2025 1386 2091; x_wconf 85' lang='lat' dir='ltr'>corporum</span> 
     </span>
     <span class='ocr_line' id='line_1_16' title="bbox 358 2109 1386 2200; baseline -0.01 -16"><span class='ocrx_word' id='word_1_74' title='bbox 358 2128 462 2184; x_wconf 75' lang='lat' dir='ltr'>istam</span> <span class='ocrx_word' id='word_1_75' title='bbox 485 2114 628 2178; x_wconf 89' lang='lat' dir='ltr'>eiusdem</span> <span class='ocrx_word' id='word_1_76' title='bbox 652 2113 767 2200; x_wconf 91' lang='lat' dir='ltr'>speciei</span> <span class='ocrx_word' id='word_1_77' title='bbox 789 2134 888 2199; x_wconf 85' lang='lat' dir='ltr'>quam</span> <span class='ocrx_word' id='word_1_78' title='bbox 902 2113 1086 2198; x_wconf 85' lang='lat' dir='ltr'>disparium,</span> <span class='ocrx_word' id='word_1_79' title='bbox 1109 2111 1231 2178; x_wconf 92' lang='lat' dir='ltr'>dictum</span> <span class='ocrx_word' id='word_1_80' title='bbox 1255 2124 1303 2176; x_wconf 89' lang='lat' dir='ltr'>est</span> <span class='ocrx_word' id='word_1_81' title='bbox 1324 2109 1386 2175; x_wconf 82' lang='lat' dir='ltr'>dit·</span> 
     </span>
     <span class='ocr_line' id='line_1_17' title="bbox 399 2216 1386 2306; baseline -0.002 -24"><span class='ocrx_word' id='word_1_82' title='bbox 399 2218 467 2286; x_wconf 82' lang='lat' dir='ltr'>iuse</span> <span class='ocrx_word' id='word_1_83' title='bbox 488 2218 579 2301; x_wconf 85' lang='lat' dir='ltr'>alibi;</span> <span class='ocrx_word' id='word_1_84' title='bbox 601 2241 701 2306; x_wconf 89' lang='lat' dir='ltr'>quem</span> <span class='ocrx_word' id='word_1_85' title='bbox 722 2219 775 2284; x_wconf 90' lang='lat' dir='ltr'>ille</span> <span class='ocrx_word' id='word_1_86' title='bbox 798 2220 886 2283; x_wconf 92' lang='lat' dir='ltr'>solus</span> <span class='ocrx_word' id='word_1_87' title='bbox 907 2216 989 2283; x_wconf 90' lang='lat' dir='ltr'>inter</span> <span class='ocrx_word' id='word_1_88' title='bbox 1011 2216 1156 2281; x_wconf 88' lang='lat' dir='ltr'>homines</span> <span class='ocrx_word' id='word_1_89' title='bbox 1179 2237 1236 2301; x_wconf 88' lang='lat' dir='ltr'>per</span> <span class='ocrx_word' id='word_1_90' title='bbox 1256 2237 1291 2280; x_wconf 94' lang='lat' dir='ltr'>se</span> <span class='ocrx_word' id='word_1_91' title='bbox 1313 2236 1386 2300; x_wconf 90' lang='lat' dir='ltr'>per·</span> 
     </span>
     <span class='ocr_line' id='line_1_18' title="bbox 398 2320 1389 2409; baseline -0.002 -22"><span class='ocrx_word' id='word_1_92' title='bbox 398 2323 476 2389; x_wconf 87' lang='lat' dir='ltr'>iecte</span> <span class='ocrx_word' id='word_1_93' title='bbox 499 2323 590 2389; x_wconf 81' lang='lat' dir='ltr'>novit</span> <span class='ocrx_word' id='word_1_94' title='bbox 613 2345 785 2389; x_wconf 88' lang='lat' dir='ltr'>numerum</span> <span class='ocrx_word' id='word_1_95' title='bbox 801 2323 913 2389; x_wconf 89' lang='lat' dir='ltr'>talium</span> <span class='ocrx_word' id='word_1_96' title='bbox 927 2323 1018 2389; x_wconf 86' lang='lat' dir='ltr'>cuius</span> <span class='ocrx_word' id='word_1_97' title='bbox 1034 2321 1193 2409; x_wconf 74' lang='lat' dir='ltr'>sapiencie</span> <span class='ocrx_word' id='word_1_98' title='bbox 1207 2342 1274 2386; x_wconf 90' lang='lat' dir='ltr'>non</span> <span class='ocrx_word' id='word_1_99' title='bbox 1290 2320 1389 2385; x_wconf 90' lang='lat' dir='ltr'>habet</span> 
     </span>
     <span class='ocr_line' id='line_1_19' title="bbox 322 2426 1350 2508; baseline 0.005 -16"><span class='ocrx_word' id='word_1_100' title='bbox 322 2503 325 2508; x_wconf 35' lang='grc'><strong>,</strong></span> <span class='ocrx_word' id='word_1_101' title='bbox 397 2449 568 2494; x_wconf 89' lang='lat' dir='ltr'>numerum</span> <span class='ocrx_word' id='word_1_102' title='bbox 591 2443 841 2496; x_wconf 79' lang='lat' dir='ltr'>mensurantem.</span> <span class='ocrx_word' id='word_1_103' title='bbox 1347 2426 1350 2433; x_wconf 77' lang='grc'><strong>’</strong></span> 
     </span>
     <span class='ocr_line' id='line_1_20' title="bbox 363 2518 1575 2642; baseline -0.005 -41"><span class='ocrx_word' id='word_1_104' title='bbox 363 2548 389 2601; x_wconf 73' lang='grc' dir='ltr'>Β</span> <span class='ocrx_word' id='word_1_105' title='bbox 440 2534 482 2597; x_wconf 88' lang='lat' dir='ltr'>Et</span> <span class='ocrx_word' id='word_1_106' title='bbox 503 2547 663 2618; x_wconf 88' lang='lat' dir='ltr'>quantum</span> <span class='ocrx_word' id='word_1_107' title='bbox 685 2535 725 2598; x_wconf 89' lang='lat' dir='ltr'>ad</span> <span class='ocrx_word' id='word_1_108' title='bbox 740 2532 848 2616; x_wconf 86' lang='lat' dir='ltr'>lineas,</span> <span class='ocrx_word' id='word_1_109' title='bbox 864 2531 979 2598; x_wconf 90' lang='lat' dir='ltr'>dicitur</span> <span class='ocrx_word' id='word_1_110' title='bbox 993 2534 1081 2618; x_wconf 89' lang='lat' dir='ltr'>quod</span> <span class='ocrx_word' id='word_1_111' title='bbox 1095 2532 1170 2598; x_wconf 92' lang='lat' dir='ltr'>licet</span> <span class='ocrx_word' id='word_1_112' title='bbox 1183 2518 1575 2642; x_wconf 51' lang='lat' dir='ltr'>resolvunturssfflffi</span> 
     </span>
     <span class='ocr_line' id='line_1_21' title="bbox 357 2636 1384 2724; baseline -0.005 -18"><span class='ocrx_word' id='word_1_113' title='bbox 357 2669 388 2706; x_wconf 61' lang='grc' dir='ltr'>πο</span> <span class='ocrx_word' id='word_1_114' title='bbox 398 2636 430 2700; x_wconf 90' lang='lat' dir='ltr'>in</span> <span class='ocrx_word' id='word_1_115' title='bbox 453 2651 594 2702; x_wconf 86' lang='lat' dir='ltr'>attornos</span> <span class='ocrx_word' id='word_1_116' title='bbox 619 2652 751 2703; x_wconf 89' lang='lat' dir='ltr'>manent</span> <span class='ocrx_word' id='word_1_117' title='bbox 766 2638 887 2721; x_wconf 89' lang='lat' dir='ltr'>eedem,</span> <span class='ocrx_word' id='word_1_118' title='bbox 910 2640 995 2704; x_wconf 90' lang='lat' dir='ltr'>unde</span> <span class='ocrx_word' id='word_1_119' title='bbox 1009 2637 1149 2724; x_wconf 87' lang='lat' dir='ltr'>priorem</span> <span class='ocrx_word' id='word_1_120' title='bbox 1164 2651 1196 2703; x_wconf 90' lang='lat' dir='ltr'>et</span> <span class='ocrx_word' id='word_1_121' title='bbox 1210 2637 1384 2703; x_wconf 89' lang='lat' dir='ltr'>cerciorem</span> 
     </span>
     <span class='ocr_line' id='line_1_22' title="bbox 398 2740 1390 2828; baseline 0 -23"><span class='ocrx_word' id='word_1_122' title='bbox 398 2742 549 2807; x_wconf 89' lang='lat' dir='ltr'>noticiam</span> <span class='ocrx_word' id='word_1_123' title='bbox 580 2743 677 2808; x_wconf 89' lang='lat' dir='ltr'>habet</span> <span class='ocrx_word' id='word_1_124' title='bbox 707 2745 747 2807; x_wconf 91' lang='lat' dir='ltr'>de</span> <span class='ocrx_word' id='word_1_125' title='bbox 778 2742 823 2808; x_wconf 92' lang='lat' dir='ltr'>eis</span> <span class='ocrx_word' id='word_1_126' title='bbox 855 2741 1067 2809; x_wconf 88' lang='lat' dir='ltr'>arismetricus</span> <span class='ocrx_word' id='word_1_127' title='bbox 1098 2756 1274 2828; x_wconf 88' lang='lat' dir='ltr'>geometro.</span> <span class='ocrx_word' id='word_1_128' title='bbox 1315 2740 1390 2807; x_wconf 77' lang='lat' dir='ltr'>ntia</span> 
     </span>
     <span class='ocr_line' id='line_1_23' title="bbox 397 2846 1390 2934; baseline 0.002 -24"><span class='ocrx_word' id='word_1_129' title='bbox 397 2862 505 2913; x_wconf 89' lang='lat' dir='ltr'>autem</span> <span class='ocrx_word' id='word_1_130' title='bbox 527 2862 575 2913; x_wconf 94' lang='lat' dir='ltr'>est</span> <span class='ocrx_word' id='word_1_131' title='bbox 597 2847 684 2911; x_wconf 90' lang='lat' dir='ltr'>racio</span> <span class='ocrx_word' id='word_1_132' title='bbox 707 2847 975 2931; x_wconf 80' lang='lat' dir='ltr'>continuationis,</span> <span class='ocrx_word' id='word_1_133' title='bbox 998 2848 1083 2913; x_wconf 90' lang='lat' dir='ltr'>unde</span> <span class='ocrx_word' id='word_1_134' title='bbox 1106 2847 1193 2934; x_wconf 91' lang='lat' dir='ltr'>prius</span> <span class='ocrx_word' id='word_1_135' title='bbox 1207 2846 1390 2912; x_wconf 89' lang='lat' dir='ltr'>considerat</span> 
     </span>
     <span class='ocr_line' id='line_1_24' title="bbox 398 2950 1388 3041; baseline 0.001 -26"><span class='ocrx_word' id='word_1_136' title='bbox 398 2950 608 3018; x_wconf 88' lang='lat' dir='ltr'>arismetricus</span> <span class='ocrx_word' id='word_1_137' title='bbox 636 2954 677 3017; x_wconf 89' lang='lat' dir='ltr'>de</span> <span class='ocrx_word' id='word_1_138' title='bbox 704 2952 878 3040; x_wconf 88' lang='lat' dir='ltr'>quantitate</span> <span class='ocrx_word' id='word_1_139' title='bbox 910 2952 1054 3019; x_wconf 91' lang='lat' dir='ltr'>continui</span> <span class='ocrx_word' id='word_1_140' title='bbox 1085 2974 1184 3041; x_wconf 89' lang='lat' dir='ltr'>quam</span> <span class='ocrx_word' id='word_1_141' title='bbox 1214 2965 1388 3038; x_wconf 78' lang='lat' dir='ltr'>geometer,</span> 
     </span>
     <span class='ocr_line' id='line_1_25' title="bbox 398 3055 1388 3145; baseline 0.002 -24"><span class='ocrx_word' id='word_1_142' title='bbox 398 3071 530 3144; x_wconf 91' lang='lat' dir='ltr'>uterque</span> <span class='ocrx_word' id='word_1_143' title='bbox 552 3072 661 3123; x_wconf 86' lang='lat' dir='ltr'>tamen</span> <span class='ocrx_word' id='word_1_144' title='bbox 684 3057 765 3123; x_wconf 91' lang='lat' dir='ltr'>sicut</span> <span class='ocrx_word' id='word_1_145' title='bbox 786 3058 913 3143; x_wconf 84' lang='lat' dir='ltr'>ignorat</span> <span class='ocrx_word' id='word_1_146' title='bbox 929 3058 1137 3145; x_wconf 88' lang='lat' dir='ltr'>quantitatem</span> <span class='ocrx_word' id='word_1_147' title='bbox 1154 3055 1281 3123; x_wconf 88' lang='lat' dir='ltr'>numeri</span> <span class='ocrx_word' id='word_1_148' title='bbox 1303 3071 1388 3123; x_wconf 86' lang='lat' dir='ltr'>atto·</span> 
     </span>
     <span class='ocr_line' id='line_1_26' title="bbox 357 3152 1456 3250; baseline 0 -22"><span class='ocrx_word' id='word_1_149' title='bbox 357 3175 387 3228; x_wconf 70' lang='grc' dir='ltr'>ιε</span> <span class='ocrx_word' id='word_1_150' title='bbox 398 3182 526 3226; x_wconf 91' lang='lat' dir='ltr'>morum</span> <span class='ocrx_word' id='word_1_151' title='bbox 550 3162 732 3247; x_wconf 88' lang='lat' dir='ltr'>compositi,</span> <span class='ocrx_word' id='word_1_152' title='bbox 764 3163 808 3228; x_wconf 93' lang='lat' dir='ltr'>sic</span> <span class='ocrx_word' id='word_1_153' title='bbox 833 3162 960 3248; x_wconf 82' lang='lat' dir='ltr'>ignorat</span> <span class='ocrx_word' id='word_1_154' title='bbox 980 3163 1048 3230; x_wconf 90' lang='lat' dir='ltr'>eius</span> <span class='ocrx_word' id='word_1_155' title='bbox 1077 3162 1231 3250; x_wconf 89' lang='lat' dir='ltr'>precisam</span> <span class='ocrx_word' id='word_1_156' title='bbox 1258 3162 1388 3248; x_wconf 85' lang='lat' dir='ltr'>quanti·</span> <span class='ocrx_word' id='word_1_157' title='bbox 1451 3152 1456 3160; x_wconf 50' lang='lat'><strong>⁴</strong></span> 
     </span>
     <span class='ocr_line' id='line_1_27' title="bbox 398 3265 1389 3355; baseline 0.004 -26"><span class='ocrx_word' id='word_1_158' title='bbox 398 3279 512 3348; x_wconf 87' lang='lat' dir='ltr'>tatem;</span> <span class='ocrx_word' id='word_1_159' title='bbox 527 3268 669 3352; x_wconf 83' lang='lat' dir='ltr'>quadam</span> <span class='ocrx_word' id='word_1_160' title='bbox 684 3282 791 3333; x_wconf 89' lang='lat' dir='ltr'>tamen</span> <span class='ocrx_word' id='word_1_161' title='bbox 801 3267 1005 3333; x_wconf 90' lang='lat' dir='ltr'>estimacione</span> <span class='ocrx_word' id='word_1_162' title='bbox 1020 3283 1110 3355; x_wconf 89' lang='lat' dir='ltr'>capta</span> <span class='ocrx_word' id='word_1_163' title='bbox 1126 3288 1145 3332; x_wconf 89' lang='lat' dir='ltr'>a</span> <span class='ocrx_word' id='word_1_164' title='bbox 1158 3287 1254 3333; x_wconf 90' lang='lat' dir='ltr'>sensu</span> <span class='ocrx_word' id='word_1_165' title='bbox 1265 3265 1389 3333; x_wconf 83' lang='lat' dir='ltr'>excedit</span> 
     </span>
     <span class='ocr_line' id='line_1_28' title="bbox 399 3369 1389 3461; baseline 0.005 -28"><span class='ocrx_word' id='word_1_166' title='bbox 399 3386 560 3453; x_wconf 87' lang='lat' dir='ltr'>geometer</span> <span class='ocrx_word' id='word_1_167' title='bbox 574 3371 816 3456; x_wconf 86' lang='lat' dir='ltr'>arismetricum,</span> <span class='ocrx_word' id='word_1_168' title='bbox 833 3395 905 3439; x_wconf 92' lang='lat' dir='ltr'>cum</span> <span class='ocrx_word' id='word_1_169' title='bbox 923 3373 1073 3461; x_wconf 85' lang='lat' dir='ltr'>suffragio</span> <span class='ocrx_word' id='word_1_170' title='bbox 1089 3394 1201 3438; x_wconf 89' lang='lat' dir='ltr'>sensus</span> <span class='ocrx_word' id='word_1_171' title='bbox 1220 3369 1389 3459; x_wconf 87' lang='lat' dir='ltr'>cognoscit</span> 
     </span>
     <span class='ocr_line' id='line_1_29' title="bbox 399 3474 1390 3565; baseline 0.003 -26"><span class='ocrx_word' id='word_1_172' title='bbox 399 3478 566 3560; x_wconf 89' lang='lat' dir='ltr'>quomodo</span> <span class='ocrx_word' id='word_1_173' title='bbox 600 3478 764 3564; x_wconf 84' lang='lat' dir='ltr'>dyameter</span> <span class='ocrx_word' id='word_1_174' title='bbox 795 3478 937 3565; x_wconf 89' lang='lat' dir='ltr'>quadrati</span> <span class='ocrx_word' id='word_1_175' title='bbox 970 3493 1097 3565; x_wconf 91' lang='lat' dir='ltr'>superat</span> <span class='ocrx_word' id='word_1_176' title='bbox 1128 3492 1257 3544; x_wconf 88' lang='lat' dir='ltr'>costam</span> <span class='ocrx_word' id='word_1_177' title='bbox 1283 3474 1390 3543; x_wconf 80' lang='lat' dir='ltr'>suam.&#39;</span> 
     </span>
     <span class='ocr_line' id='line_1_30' title="bbox 399 3580 1389 3671; baseline 0.005 -29"><span class='ocrx_word' id='word_1_178' title='bbox 399 3580 578 3646; x_wconf 83' lang='lat' dir='ltr'>Intellectus</span> <span class='ocrx_word' id='word_1_179' title='bbox 599 3596 709 3648; x_wconf 88' lang='lat' dir='ltr'>tamen</span> <span class='ocrx_word' id='word_1_180' title='bbox 719 3584 801 3648; x_wconf 90' lang='lat' dir='ltr'>ultra</span> <span class='ocrx_word' id='word_1_181' title='bbox 814 3582 1053 3671; x_wconf 86' lang='lat' dir='ltr'>imaginativam</span> <span class='ocrx_word' id='word_1_182' title='bbox 1067 3582 1200 3670; x_wconf 91' lang='lat' dir='ltr'>percipit</span> <span class='ocrx_word' id='word_1_183' title='bbox 1212 3597 1389 3668; x_wconf 89' lang='lat' dir='ltr'>utrumque</span> 
     </span>
     <span class='ocr_line' id='line_1_31' title="bbox 357 3684 1390 3775; baseline 0.006 -29"><span class='ocrx_word' id='word_1_184' title='bbox 357 3694 391 3748; x_wconf 84' lang='lat'>30</span> <span class='ocrx_word' id='word_1_185' title='bbox 400 3700 552 3751; x_wconf 87' lang='lat' dir='ltr'>errorem:</span> <span class='ocrx_word' id='word_1_186' title='bbox 575 3707 653 3752; x_wconf 88' lang='lat' dir='ltr'>nam</span> <span class='ocrx_word' id='word_1_187' title='bbox 675 3688 756 3753; x_wconf 91' lang='lat' dir='ltr'>sicut</span> <span class='ocrx_word' id='word_1_188' title='bbox 777 3688 811 3753; x_wconf 88' lang='lat' dir='ltr'>in</span> <span class='ocrx_word' id='word_1_189' title='bbox 833 3688 993 3775; x_wconf 87' lang='lat' dir='ltr'>quadratis</span> <span class='ocrx_word' id='word_1_190' title='bbox 1017 3691 1056 3752; x_wconf 93' lang='lat' dir='ltr'>de</span> <span class='ocrx_word' id='word_1_191' title='bbox 1071 3688 1166 3754; x_wconf 89' lang='lat' dir='ltr'>costis</span> <span class='ocrx_word' id='word_1_192' title='bbox 1182 3687 1275 3753; x_wconf 88' lang='lat' dir='ltr'>uobis</span> <span class='ocrx_word' id='word_1_193' title='bbox 1290 3684 1390 3752; x_wconf 85' lang='lat' dir='ltr'>finitis</span> 
     </span>
    </p>
   </div>
   <div class='ocr_carea' id='block_1_4' title="bbox 402 3790 1389 3880">
    <p class='ocr_par' dir='ltr' id='par_1_4' title="bbox 402 3790 1389 3880">
     <span class='ocr_line' id='line_1_32' title="bbox 402 3790 1389 3880; baseline 0.008 -30"><span class='ocrx_word' id='word_1_194' title='bbox 402 3790 508 3872; x_wconf 89' lang='lat' dir='ltr'>quoad</span> <span class='ocrx_word' id='word_1_195' title='bbox 534 3810 708 3857; x_wconf 88' lang='lat' dir='ltr'>numerum</span> <span class='ocrx_word' id='word_1_196' title='bbox 737 3806 933 3879; x_wconf 89' lang='lat' dir='ltr'>punctorum</span> <span class='ocrx_word' id='word_1_197' title='bbox 956 3792 1111 3878; x_wconf 88' lang='lat' dir='ltr'>contingit</span> <span class='ocrx_word' id='word_1_198' title='bbox 1142 3791 1285 3879; x_wconf 85' lang='lat' dir='ltr'>accipere</span> <span class='ocrx_word' id='word_1_199' title='bbox 1310 3793 1389 3880; x_wconf 82' lang='lat' dir='ltr'>dya-</span> 
     </span>
    </p>
   </div>
   <div class='ocr_carea' id='block_1_5' title="bbox 399 3956 1479 4231">
    <p class='ocr_par' dir='ltr' id='par_1_5' title="bbox 399 3956 1479 4231">
     <span class='ocr_line' id='line_1_33' title="bbox 440 3956 1479 4023; baseline 0.007 -19"><span class='ocrx_word' id='word_1_200' title='bbox 440 3959 463 4005; x_wconf 84' lang='lat'>⁶.</span> <span class='ocrx_word' id='word_1_201' title='bbox 471 3956 552 4005; x_wconf 78' lang='lat' dir='ltr'>Cuius:</span> <span class='ocrx_word' id='word_1_202' title='bbox 567 3959 590 4006; x_wconf 85' lang='lat' dir='ltr'>in</span> <span class='ocrx_word' id='word_1_203' title='bbox 599 3962 679 4008; x_wconf 68' lang='lat' dir='ltr'>codas</span> <span class='ocrx_word' id='word_1_204' title='bbox 695 3962 806 4022; x_wconf 73' lang='lat' dir='ltr'>Quom,</span> <span class='ocrx_word' id='word_1_205' title='bbox 817 3971 843 4010; x_wconf 91' lang='lat' dir='ltr'>ut</span> <span class='ocrx_word' id='word_1_206' title='bbox 854 3964 924 4011; x_wconf 82' lang='lat' dir='ltr'>habet</span> <span class='ocrx_word' id='word_1_207' title='bbox 933 3964 1028 4012; x_wconf 82' lang='lat' dir='ltr'>missale</span> <span class='ocrx_word' id='word_1_208' title='bbox 1036 3963 1208 4021; x_wconf 76' lang='lat' dir='ltr'>Andegarense</span> <span class='ocrx_word' id='word_1_209' title='bbox 1219 3963 1285 4023; x_wconf 71' lang='lat' dir='ltr'>apae</span> <span class='ocrx_word' id='word_1_210' title='bbox 1297 3961 1390 4010; x_wconf 68' lang='lat' dir='ltr'>onmes</span> <span class='ocrx_word' id='word_1_211' title='bbox 1475 3998 1479 4005; x_wconf 86' lang='lat'>.</span> 
     </span>
     <span class='ocr_line' id='line_1_34' title="bbox 400 4029 1389 4093; baseline 0.006 -18"><span class='ocrx_word' id='word_1_212' title='bbox 400 4032 416 4075; x_wconf 89' lang='grc'>1.</span> <span class='ocrx_word' id='word_1_213' title='bbox 430 4042 451 4076; x_wconf 89' lang='lat' dir='ltr'>e.</span> <span class='ocrx_word' id='word_1_214' title='bbox 466 4029 537 4076; x_wconf 79' lang='lat' dir='ltr'>Cuius</span> <span class='ocrx_word' id='word_1_215' title='bbox 549 4030 573 4076; x_wconf 86' lang='lat' dir='ltr'>ia</span> <span class='ocrx_word' id='word_1_216' title='bbox 588 4030 745 4079; x_wconf 81' lang='lat' dir='ltr'>Semonibus</span> <span class='ocrx_word' id='word_1_217' title='bbox 759 4032 846 4093; x_wconf 71' lang='lat' dir='ltr'>mistis,</span> <span class='ocrx_word' id='word_1_218' title='bbox 854 4032 970 4081; x_wconf 85' lang='lat' dir='ltr'>Sermone</span> <span class='ocrx_word' id='word_1_219' title='bbox 983 4033 1083 4093; x_wconf 82' lang='lat' dir='ltr'>Propter</span> <span class='ocrx_word' id='word_1_220' title='bbox 1087 4032 1186 4093; x_wconf 77' lang='lat' dir='ltr'>fratres</span> <span class='ocrx_word' id='word_1_221' title='bbox 1192 4045 1258 4081; x_wconf 74' lang='lat' dir='ltr'>neos</span> <span class='ocrx_word' id='word_1_222' title='bbox 1267 4038 1293 4080; x_wconf 84' lang='lat' dir='ltr'>et</span> <span class='ocrx_word' id='word_1_223' title='bbox 1302 4030 1389 4092; x_wconf 68' lang='lat' dir='ltr'>proxi·</span> 
     </span>
     <span class='ocr_line' id='line_1_35' title="bbox 400 4098 1390 4164; baseline 0.007 -20"><span class='ocrx_word' id='word_1_224' title='bbox 400 4112 448 4145; x_wconf 81' lang='lat' dir='ltr'>mos</span> <span class='ocrx_word' id='word_1_225' title='bbox 461 4098 545 4145; x_wconf 80' lang='lat' dir='ltr'>Peairn.</span> <span class='ocrx_word' id='word_1_226' title='bbox 560 4099 634 4146; x_wconf 80' lang='lat' dir='ltr'><em>CXXI</em></span> <span class='ocrx_word' id='word_1_227' title='bbox 656 4109 680 4148; x_wconf 95' lang='lat' dir='ltr'>et</span> <span class='ocrx_word' id='word_1_228' title='bbox 692 4101 716 4147; x_wconf 88' lang='lat' dir='ltr'>in</span> <span class='ocrx_word' id='word_1_229' title='bbox 731 4104 835 4149; x_wconf 84' lang='lat' dir='ltr'>secunda</span> <span class='ocrx_word' id='word_1_230' title='bbox 849 4112 914 4162; x_wconf 85' lang='lat' dir='ltr'>parte</span> <span class='ocrx_word' id='word_1_231' title='bbox 928 4103 1070 4151; x_wconf 86' lang='lat' dir='ltr'>Sermonum</span> <span class='ocrx_word' id='word_1_232' title='bbox 1088 4115 1161 4162; x_wconf 84' lang='lat' dir='ltr'>super</span> <span class='ocrx_word' id='word_1_233' title='bbox 1179 4103 1311 4164; x_wconf 72' lang='lat' dir='ltr'>evangelia,</span> <span class='ocrx_word' id='word_1_234' title='bbox 1332 4101 1390 4151; x_wconf 78' lang='lat' dir='ltr'>Ser-</span> 
     </span>
     <span class='ocr_line' id='line_1_36' title="bbox 399 4168 1389 4231; baseline 0.007 -18"><span class='ocrx_word' id='word_1_235' title='bbox 399 4181 470 4214; x_wconf 88' lang='lat' dir='ltr'>mone</span> <span class='ocrx_word' id='word_1_236' title='bbox 482 4168 625 4229; x_wconf 74' lang='lat' dir='ltr'>Egrediente</span> <span class='ocrx_word' id='word_1_237' title='bbox 637 4170 695 4217; x_wconf 79' lang='lat' dir='ltr'>Jesu</span> <span class='ocrx_word' id='word_1_238' title='bbox 708 4172 738 4218; x_wconf 84' lang='lat' dir='ltr'>de</span> <span class='ocrx_word' id='word_1_239' title='bbox 750 4173 832 4231; x_wconf 78' lang='lat' dir='ltr'>tempto</span> <span class='ocrx_word' id='word_1_240' title='bbox 844 4174 881 4219; x_wconf 76' lang='lat' dir='ltr'>ait</span> <span class='ocrx_word' id='word_1_241' title='bbox 892 4174 936 4227; x_wconf 80' lang='lat' dir='ltr'>tm,</span> <span class='ocrx_word' id='word_1_242' title='bbox 948 4171 1090 4221; x_wconf 77' lang='lat' dir='ltr'>MareiXHI</span> <span class='ocrx_word' id='word_1_243' title='bbox 1109 4173 1174 4230; x_wconf 83' lang='lat' dir='ltr'>leges</span> <span class='ocrx_word' id='word_1_244' title='bbox 1187 4173 1227 4229; x_wconf 77' lang='lat' dir='ltr'>(ei.</span> <span class='ocrx_word' id='word_1_245' title='bbox 1238 4172 1301 4220; x_wconf 70' lang='lat' dir='ltr'>Coi.</span> <span class='ocrx_word' id='word_1_246' title='bbox 1315 4173 1389 4220; x_wconf 78' lang='lat' dir='ltr'>Pelet.</span> 
     </span>
    </p>
   </div>
   <div class='ocr_carea' id='block_1_6' title="bbox 400 4236 1390 4356">
    <p class='ocr_par' dir='ltr' id='par_1_6' title="bbox 400 4236 1390 4356">
     <span class='ocr_line' id='line_1_37' title="bbox 401 4236 1390 4356; baseline 0.007 -74"><span class='ocrx_word' id='word_1_247' title='bbox 401 4236 581 4356; x_wconf 54' lang='lat' dir='ltr'>VindgpAoae</span> <span class='ocrx_word' id='word_1_248' title='bbox 602 4242 880 4304; x_wconf 75' lang='lat' dir='ltr'>tat.97·est01.137·).</span> <span class='ocrx_word' id='word_1_249' title='bbox 946 4246 979 4290; x_wconf 76' lang='lat'>1⁶.</span> <span class='ocrx_word' id='word_1_250' title='bbox 994 4243 1167 4303; x_wconf 80' lang='lat' dir='ltr'>quern(sic)iu</span> <span class='ocrx_word' id='word_1_251' title='bbox 1181 4240 1252 4290; x_wconf 77' lang='lat' dir='ltr'>codd.</span> <span class='ocrx_word' id='word_1_252' title='bbox 1306 4243 1390 4290; x_wconf 60' lang='grc' dir='ltr'>ηδε</span> 
     </span>
     <span class='ocr_line' id='line_1_38' title="bbox 400 4320 454 4354; baseline 0.019 -1"><span class='ocrx_word' id='word_1_253' title='bbox 400 4320 454 4354; x_wconf 81' lang='lat' dir='ltr'>man</span> 
     </span>
    </p>
   </div>
   <div class='ocr_carea' id='block_1_7' title="bbox 443 4405 1366 4580">
    <p class='ocr_par' dir='ltr' id='par_1_7' title="bbox 443 4405 1366 4580">
     <span class='ocr_line' id='line_1_39' title="bbox 443 4405 1187 4511; baseline 0.008 -23"><span class='ocrx_word' id='word_1_254' title='bbox 443 4434 466 4488; x_wconf 83' lang='grc'>5.</span> <span class='ocrx_word' id='word_1_255' title='bbox 485 4435 535 4488; x_wconf 88' lang='lat' dir='ltr'>See</span> <span class='ocrx_word' id='word_1_256' title='bbox 553 4437 656 4504; x_wconf 83' lang='lat' dir='ltr'>Daniel,</span> <span class='ocrx_word' id='word_1_257' title='bbox 674 4437 756 4492; x_wconf 73' lang='lat' dir='ltr'>Thes</span> <span class='ocrx_word' id='word_1_258' title='bbox 774 4439 894 4509; x_wconf 84' lang='lat' dir='ltr'>hymnoi.</span> <span class='ocrx_word' id='word_1_259' title='bbox 912 4451 977 4495; x_wconf 85' lang='lat' dir='ltr'>tom.</span> <span class='ocrx_word' id='word_1_260' title='bbox 998 4439 1030 4503; x_wconf 83' lang='lat' dir='ltr'>V,</span> <span class='ocrx_word' id='word_1_261' title='bbox 1047 4455 1107 4511; x_wconf 80' lang='lat' dir='ltr'>pag.</span> <span class='ocrx_word' id='word_1_262' title='bbox 1118 4405 1187 4494; x_wconf 73' lang='lat' dir='ltr'>¹rofi.</span> 
     </span>
     <span class='ocr_line' id='line_1_40' title="bbox 1273 4521 1366 4580; baseline 0.011 -53"><span class='ocrx_word' id='word_1_263' title='bbox 1273 4526 1290 4580; x_wconf 50' lang='lat'><em>2</em></span> <span class='ocrx_word' id='word_1_264' title='bbox 1362 4521 1366 4528; x_wconf 90' lang='lat'>.</span> 
     </span>
    </p>
   </div>
   <div class='ocr_carea' id='block_1_8' title="bbox 0 0 1636 5226">
    <p class='ocr_par' dir='ltr' id='par_1_8' title="bbox 0 0 1636 5226">
     <span class='ocr_line' id='line_1_41' title="bbox 0 0 1636 5226; baseline 0 0"><span class='ocrx_word' id='word_1_265' title='bbox 0 0 1636 5226; x_wconf 95' lang='lat' dir='ltr'> </span> 
     </span>
    </p>
   </div>
  </div>
 </body>
</html>
