3262 5226
483 618 653 673 Jounums
670 617 820 672 wucur.
995 597 1078 690 [cnr.
1092 613 1155 660 xxi.

168 774 290 858 positos
312 775 600 860 proporcionaliter
621 796 698 840 cum
714 796 748 840 se
763 774 851 860 ipsis.
875 774 937 839 Sed
953 796 993 839 ne
1008 774 1152 840 subditus
1166 788 1226 860 ¹9⁸¹
1237 790 1267 844 R

123 877 291 986 ffldilfidat
312 880 351 943 de
373 893 531 963 potestate
553 879 602 944 sui
626 879 791 965 prepositi,
821 899 897 943 cum
919 878 952 943 in
974 878 1153 944 cessarione

123 1012 124 1032 ι
150 982 388 1090 ‘cuiuscunque
419 983 516 1048 ollicii
550 1005 635 1049 unus
666 999 803 1049 caracter
834 982 1037 1069 extinguitur,
1069 984 1154 1047 Deus

123 1057 150 1142 α’
169 1086 256 1152 dedit
287 1102 474 1153 caracterem
506 1088 713 1172 superiorem,
753 1088 808 1173 qui
847 1102 895 1152 est
932 1087 1084 1153 limitacio
1114 1087 1154 1151 ad

169 1190 396 1256 sullicienciam
430 1192 494 1257 dati
526 1191 649 1277 generis
684 1191 851 1257 ministerii
893 1192 1082 1272 indistincte,
1125 1207 1180 1261 ets

170 1296 267 1360 talem
305 1310 498 1361 caracterem
536 1319 600 1360 non
639 1311 750 1382 potest
787 1298 958 1363 ordinatus
996 1299 1154 1375 deserere,

168 1402 323 1485 quamdiu
351 1415 462 1466 manet
494 1403 526 1466 in
555 1423 594 1467 eo
622 1402 774 1487 potencia
802 1403 845 1466 ad
879 1403 970 1486 signa
993 1403 1154 1467 sensibilia

171 1505 431 1573 ministrandum.
469 1506 631 1591 Suspeudi
664 1520 774 1571 tamen
806 1521 915 1593 potest
947 1529 965 1570 a
997 1508 1155 1592 superiori

170 1624 303 1694 propter
334 1631 465 1676 causam
496 1612 740 1696 racionabilem,
781 1631 821 1675 ne
854 1613 1023 1676 ordinatus
1056 1625 1154 1696 ponat

170 1727 248 1802 tunc
271 1729 464 1781 caracterem
487 1717 520 1780 in
544 1716 705 1781 ellectum.
1168 1748 1199 1786 ιο

123 1825 161 1923 10⁰³
212 1819 254 1885 Et
277 1820 303 1883 si
334 1836 488 1905 queratur
515 1822 687 1886 necessitas
711 1821 853 1906 ponendi
887 1834 935 1886 tot
967 1836 1155 1903 caracteres,

123 1941 133 1975 ι
170 1923 288 1988 dicitur
310 1926 398 2008 quod
422 1926 562 1989 admissa
584 1925 826 2010 signiticacione
850 1925 929 2011 quid
952 1927 1101 2006 nominis,
1124 1941 1156 1990 et

169 2030 338 2114 supposita
372 2031 579 2095 ordinacione
611 2033 720 2096 divina
749 2033 790 2095 de
819 2032 995 2096 dividendo
1023 2032 1155 2096 diversis

172 2131 357 2197 hominibus
381 2135 522 2200 diversas
546 2137 670 2219 gracias
686 2135 787 2201 olficii
804 2138 907 2221 gratis
923 2138 1025 2217 datas,
1048 2134 1154 2220 sequi?

171 2250 224 2301 tur
241 2238 468 2304 inevitabiliter
483 2243 626 2324 predicta
644 2241 814 2306 diversitas
827 2256 1037 2308 caracterum.
1063 2242 1155 2306 Unde
1169 2254 1198 2307 ι5

163 2343 211 2405 ‘ad
257 2343 460 2408 fundandum
505 2346 599 2410 istam
637 2348 836 2411 sentenciam
879 2361 1009 2432 oportet
1052 2347 1156 2431 primo

170 2467 354 2534 supponere
377 2448 473 2513 tidem
497 2431 655 2534 scripture
683 2452 714 2515 1·
738 2451 815 2517 Cor.
831 2453 918 2537 x110,
941 2465 1042 2536 4-7:
1065 2451 1157 2514 Divi·

170 2553 275 2617 sioues
288 2554 478 2638 graciarum
501 2565 588 2633 sunt,
611 2554 693 2618 idem
723 2566 833 2620 autern
856 2558 1007 2641 spiritus,
1028 2567 1059 2620 et
1080 2555 1156 2619 diri·

170 2659 275 2722 aiones
307 2659 581 2724 ministraciouum
613 2671 703 2738 sunt,
735 2660 821 2725 idern
854 2673 962 2726 autem
995 2661 1157 2739 domiuus,

170 2773 200 2827 et
235 2763 405 2828 divisiones
432 2766 658 2849 operariorum
687 2775 775 2844 sunt,
807 2765 889 2829 idem
925 2777 1032 2831 autem
1065 2767 1202 2833 Deusao

170 2868 226 2952 qui
254 2880 411 2952 operatur
432 2870 539 2932 omnia
573 2871 605 2933 in
638 2871 798 2934 orrauibus.
841 2871 1019 2956 Unicuique
1051 2882 1156 2935 autem

170 2971 270 3035 datur
292 2973 515 3058 ruanisestacio
537 2976 672 3057 spiritus
696 2975 742 3039 ad
761 2977 939 3040 utilitatem.
966 2978 1005 3040 Et
1028 2991 1102 3060 post
1125 2977 1157 3039 in

172 3097 308 3162 corpore
341 3079 471 3142 ecclesie
506 3080 643 3163 explicat
677 3101 796 3142 novem
825 3082 956 3164 gradus.
996 3083 1062 3145 Nec
1085 3082 1157 3144 licet

172 3182 331 3264 denegare
360 3185 454 3246 talem
478 3185 626 3247 ordinem
651 3187 861 3249 concedendo
886 3206 1004 3271 corpus
1029 3187 1158 3249 ecclesie

172 3287 221 3350 vel
245 3288 313 3350 eius
337 3288 499 3352 ministros
523 3291 702 3354 secuudum
726 3291 797 3353 iura
821 3291 985 3354 canonica.
1169 3308 1201 3361 25

217 3392 311 3456 Unde
328 3395 468 3456 notanda
485 3408 532 3457 est
544 3395 743 3457 trimembris
760 3395 878 3458 divisio
895 3410 1000 3459 textus
1011 3397 1192 3481 apostolis

172 3495 289 3581 Aliqua
329 3497 414 3559 enim
452 3500 552 3561 donat
583 3497 670 3562 Deus
703 3500 930 3583 predestinatis
971 3521 1033 3584 que
1068 3516 1159 3571 vocat

171 3602 293 3681 gracias
327 3622 344 3663 a
379 3602 492 3685 spiritu
530 3619 642 3666 sancto
674 3606 780 3682 datas,
819 3605 895 3688 quia
935 3605 1159 3687 predestinatis

170 3704 352 3768 timentibus
368 3705 473 3769 Deum
491 3708 599 3771 onmia
619 3720 840 3792 cooperantur
862 3710 1040 3772 iubenum.
1066 3710 1159 3774 Unde

173 3811 249 3892 quia
282 3830 356 3872 cum
388 3811 458 3874 istis
487 3814 580 3875 donis
610 3827 674 3878 stat
701 3815 840 3877 mortale
863 3816 1040 3876 secundum
1057 3813 1075 3851 ⁸
1091 3835 1234 3900 pre-199·

172 3929 296 3978 sentem
325 3917 498 3998 iusticiam,
532 3918 605 3980 ideo
635 3933 794 3983 vocantur
826 3920 932 4002 gracie
960 3918 1058 4000 gratis
1086 3918 1159 3980 date

172 4038 209 4080 ex
226 4020 452 4084 benevolencia
468 4021 599 4105 spiritus
615 4024 878 4106 predestinantis.
901 4023 1157 4085 Ministraciones

174 4138 281 4187 autem
314 4140 390 4189 sunt
423 4126 454 4189 in
483 4127 626 4210 qualibet
650 4142 798 4191 creatura
828 4128 978 4191 racionali
1002 4125 1159 4210 predesti-

211 4374 232 4419 7.
245 4361 276 4407 e:
295 4363 319 4408 lu
334 4376 369 4408 ea.
475 4377 500 4411 ιι.
519 4367 542 4412 Α
557 4365 580 4410 ln
595 4378 684 4423 marga
703 4366 814 4423 Queetio.
921 4377 950 4411 ra.
966 4366 996 4409 B:
1016 4365 1161 4420 signacloue.

217 4556 257 4613 ²9·
276 4542 354 4593 Rom.
375 4542 440 4609 Vlll,
461 4541 501 4596 a&
