3262 5226
162 416 229 485 2⁵6
502 427 506 435 ’
693 428 865 483 tonsurus
884 429 1036 482 wrcrrr.
1214 405 1357 498 [cu-xri.

158 607 214 653 noer
226 605 276 653 nto
291 605 315 652 tn
329 603 366 650 tu
375 587 489 670 eidem,
510 601 542 651 et
562 585 606 650 ita
627 585 812 670 generaliter
825 586 1085 669 quandocunque
1107 583 1179 669 quis
1203 583 1389 652 consentite
1401 598 1428 651 D

244 661 282 705 ⁸¹¹
376 691 583 777 culpabiliter
592 689 789 774 temptatori;
819 709 878 753 nec
900 703 948 753 est
969 687 1020 752 hic
1043 688 1231 779 sophisma:v
1250 690 1359 752 Petrus
1373 683 1432 751 ¹⁶4⁴

376 797 444 861 vult
477 795 508 860 id
539 796 627 882 quod
659 795 698 858 de
730 793 813 859 iacto
845 807 893 858 est
923 807 1092 877 peccatum
1114 794 1163 856 vel
1186 791 1361 856 formaliter

376 901 562 965 antecedens
593 900 632 964 ad
664 899 753 981 illud,
783 899 838 962 sed
870 918 936 962 non
968 897 1046 962 vult.
1069 910 1248 982 peccatum,
1280 896 1362 961 sicut

380 1003 519 1089 sophiste
541 1003 651 1068 dicunt
664 1001 754 1088 quod
770 1001 945 1067 formaliter
959 1001 1028 1067 vult
1051 1017 1215 1086 percutere
1231 1003 1386 1069 Petrums

376 1107 434 1173 scit
448 1109 536 1193 quod
551 1107 604 1171 ille
620 1121 667 1173 est
681 1108 839 1190 sacerdos,
861 1121 1016 1172 ettamen
1033 1128 1100 1170 non
1116 1107 1184 1172 vult
1198 1119 1362 1190 percutere

377 1213 582 1278 sacerdotem.
605 1213 688 1276 Nam
703 1212 869 1297 sophisma
883 1211 969 1276 istud
986 1223 1033 1276 est
1047 1210 1244 1296 impossibile
1267 1207 1363 1296 (sicut

377 1316 452 1380 alias
475 1315 660 1403 declaravi);
682 1331 759 1382 tunc
781 1316 867 1380 enim
891 1337 957 1381 non
982 1315 1062 1380 foret
1075 1315 1205 1381 volucio
1220 1313 1269 1377 vel
1286 1333 1361 1378 con·

377 1418 478 1484 cessio
505 1420 667 1505 implicita.
702 1420 777 1507 quia
808 1421 833 1483 si
864 1420 966 1485 homo
998 1421 1068 1484 vult
1094 1419 1280 1505 particulare
1308 1438 1364 1503 per

377 1525 521 1590 accidens
542 1522 733 1609 implicitum
756 1524 789 1588 in
808 1524 977 1589 universali
998 1545 1055 1609 per
1076 1545 1109 1588 se
1123 1523 1230 1609 primo
1251 1520 1363 1602 volito,
1377 1554 1408 1593 ,ο

380 1629 481 1693 multo
513 1629 612 1713 magis
633 1629 703 1694 vult
728 1629 880 1714 implicite
903 1629 1078 1694 formaliter
1101 1648 1302 1714 consequens
1324 1627 1364 1690 ad

379 1753 490 1817 perse
512 1733 659 1815 volitum,
691 1746 726 1797 ut
756 1733 783 1796 si
813 1754 866 1797 rex
896 1735 966 1799 nult
987 1735 1077 1819 quod
1100 1734 1212 1797 Petrus
1234 1730 1364 1796 clericus

380 1837 492 1900 habeat
524 1836 645 1900 dictum
677 1836 888 1922 privilegium,
931 1837 1007 1923 quia
1041 1836 1111 1901 vult
1142 1837 1231 1922 quod
1260 1836 1365 1900 omnis

382 1941 511 2027 clericus
532 1941 621 2024 regni
644 1941 692 2005 sui
707 1940 820 2006 habeat
835 1942 957 2007 dictum
973 1941 1186 2028 privilegium,
1201 1955 1239 2005 ‘et
1255 1941 1366 2004 Petrus

380 2060 426 2110 est
440 2046 552 2130 aliquis
568 2045 637 2111 talis
653 2045 792 2129 clericus,
809 2047 912 2111 multo
932 2046 1032 2132 magis
1046 2047 1115 2111 vult
1132 2066 1228 2109 omne
1246 2045 1362 2110 forma·
1379 2062 1408 2114 ι5

381 2151 450 2215 liter
472 2170 608 2235 sequens
633 2151 673 2214 ad
695 2150 785 2215 illud.
824 2152 918 2216 Unde
949 2150 1119 2215 necessitas
1150 2150 1235 2234 cogit
1266 2149 1365 2214 eciam

380 2275 491 2318 avaros
512 2255 682 2320 concedere
711 2255 794 2319 hanc
816 2255 964 2341 logicam,
999 2276 1074 2320 cum
1097 2255 1186 2319 aliter
1208 2275 1275 2318 non
1297 2274 1366 2338 par·

380 2359 545 2444 ticiparent
565 2359 735 2445 privilegiis
757 2360 807 2424 vel
830 2360 1012 2425 elemosinis
1034 2359 1227 2445 principum,
1251 2358 1310 2422 nisi
1334 2358 1366 2420 in

381 2464 583 2528 concessione
605 2464 655 2527 vel
686 2464 854 2529 volucione
886 2464 1035 2550 generali,
1068 2477 1177 2529 notata
1208 2462 1241 2525 in
1272 2462 1366 2526 cartis

384 2566 455 2649 illis,
477 2567 628 2653 implicite
650 2567 690 2633 sit
712 2588 861 2633 concessa
887 2568 1092 2653 participacio
1116 2566 1289 2631 elemosine
1312 2587 1412 2650 ge·2o

307 2722 310 2727 .
383 2672 505 2736 neralis.
542 2674 584 2737 Et
614 2672 675 2736 isto
706 2672 806 2737 modo
839 2673 1020 2737 concedunt
1048 2670 1193 2736 catholici
1222 2672 1311 2756 quod
1334 2671 1366 2733 in

383 2778 476 2840 Petro
513 2790 714 2861 procuratore
752 2775 880 2840 ecclesie
918 2797 1068 2841 concessa
1105 2791 1152 2839 est
1189 2795 1208 2838 a
1239 2774 1368 2839 Christo

382 2880 566 2965 generaliter
607 2879 639 2944 in
681 2881 825 2965 quodam
867 2880 1035 2945 involucro
1072 2893 1212 2966 potestas
1248 2879 1369 2942 ordinis

384 2984 511 3049 cuilibet
525 2984 678 3049 sacerdoti
693 2985 847 3070 sequenti.
863 2984 949 3050 Cum
959 3006 1036 3071 ergo
1045 2998 1211 3070 peccatum
1226 2997 1370 3069 patenter

384 3089 525 3174 sequitur
558 3111 595 3154 ex
626 3089 746 3154 actibus
777 3089 882 3154 volitis
914 3111 989 3155 cum
1021 3089 1086 3153 suis
1109 3088 1412 3168 circumstanciis,²5
1471 3142 1474 3146 .

384 3195 509 3258 videtur
529 3195 617 3279 quod
639 3195 750 3258 volens
772 3194 851 3258 illud
874 3196 1064 3259 antecedens
1085 3194 1154 3257 vult
1176 3192 1288 3257 saltem
1311 3191 1370 3254 im·

171 3327 248 3373 rnen
264 3298 490 3384 1.1m9n.plicite
505 3314 671 3382 peccatum
686 3320 894 3384 consequens.
915 3300 966 3363 Sic
981 3299 1068 3362 enim
1084 3297 1159 3362 dicit
1174 3296 1372 3381 Augustinus

171 3378 377 3487 iiiiiiiio'iil,
387 3403 474 3486 quod
491 3424 585 3467 omne
602 3417 766 3488 peccatum
783 3418 829 3468 est
838 3403 1064 3485 voluntarium,
1080 3416 1112 3466 et
1127 3400 1206 3465 fides
1221 3400 1372 3484 scripture

172 3485 378 3583 ssssfssg'if‘ss'ffi'issf
387 3528 460 3590 sepe
483 3509 557 3572 dicit
580 3509 666 3593 quod
699 3509 800 3572 homo
823 3510 890 3572 vult
913 3523 945 3572 et
967 3508 1069 3592 diligit
1091 3508 1194 3573 multa
1216 3506 1310 3587 mala,
1341 3518 1372 3568 et

228 3588 320 3633 “w‘'
387 3625 492 3674 tamen
509 3627 621 3676 notum
637 3612 779 3696 estquod
795 3632 858 3674 non
869 3612 938 3676 vult
953 3611 1022 3695 ipsa
1037 3610 1182 3695 explicite
1194 3610 1371 3674 secundum
1381 3623 1416 3676 30

389 3715 546 3779 racionem
568 3736 632 3800 qua
653 3717 746 3781 mala.
786 3717 825 3780 Et
852 3716 909 3780 hec
932 3716 1016 3781 racio
1047 3737 1144 3800 quare
1168 3734 1292 3780 necesse
1326 3727 1372 3778 est

388 3819 536 3882 dominos
558 3820 748 3904 temporales
775 3818 807 3882 in
835 3840 1025 3905 quacunque
1049 3819 1253 3884 concessione
1276 3839 1371 3902 gene·

389 3923 459 3986 ralis
495 3924 647 4008 privilegii
681 3924 729 3987 vel
762 3924 934 3988 elemosine
966 3936 1119 4010 perpetue
1141 3921 1373 4005 subintelligere

430 4241 450 4275 a.
464 4232 486 4276 Α
500 4231 524 4276 lu
539 4241 626 4285 marga
639 4228 775 4287 Sophlsms.
881 4229 904 4275 6.
923 4227 955 4273 aa
973 4238 1028 4273 mm
1043 4238 1092 4273 noa
1105 4226 1163 4272 salt.
1269 4237 1301 4271 ro
1316 4223 1334 4269 B
1348 4224 1373 4270 la

392 4311 477 4356 marg:
491 4300 589 4344 Voluclo
603 4299 687 4356 duplex
696 4298 809 4355 lrnpllelts
823 4298 910 4344 scilicet
924 4306 946 4344 et
960 4297 1076 4356 explicite.
1163 4307 1197 4355 ²7·
1212 4297 1232 4341 Α
1247 4294 1271 4341 la
1286 4303 1373 4349 mann

392 4370 546 4427 Augustinus.
651 4367 681 4414 ³1.
696 4371 716 4415 Α
731 4369 756 4414 lo
769 4380 857 4426 merga
871 4365 1009 4415 &suasu
