3262 5226
473 297 641 353 sonamus
658 297 807 366 wrctrr.
967 274 1050 369 [can
1063 289 1134 337 nnn:

156 457 292 521 corditer
313 472 387 520 sunt
409 457 523 540 puniti.
548 457 673 519 &num
691 475 770 537 ergo
784 456 872 541 quod
889 453 1046 540 dyabolus
1056 450 1134 534 tacit
1147 463 1249 520 201⁸K

156 560 377 648 predestinatis
396 581 452 645 per
476 559 620 623 accidens
643 558 679 624 fit
696 560 729 622 in
745 560 864 626 virtute
879 558 984 624 meriti
999 555 1136 634 Christi;

155 665 243 751 quod
275 663 404 730 videtur
431 666 470 728 de
498 677 588 728 tanto
620 663 681 727 illis
705 661 871 747 proficere.
907 663 948 726 Et
971 682 1029 747 per
1052 660 1136 723 idem

157 770 282 834 videtur
309 769 404 854 quod
437 768 538 833 viator
578 767 618 831 de
649 782 774 852 quanto
810 769 982 833 victoriose
1020 766 1137 831 resistit

157 876 307 961 dyabolo,
331 872 544 938 confortando
569 872 681 937 fratres
706 874 848 954 ecclesie,
873 874 999 956 mitigat
1015 873 1055 935 de
1071 871 1162 939 eius5

158 983 254 1063 malo,
277 994 308 1045 et
331 1000 387 1065 per
409 999 607 1064 consequens
635 975 710 1042 lacit
740 992 775 1063 ut
804 979 984 1044 tolleracior
1007 977 1048 1041 sit
1071 977 1138 1040 eius

157 1087 349 1172 dampnacio
381 1100 412 1150 et
441 1086 481 1147 de
513 1083 845 1150 tanto‘effectualiter
873 1098 945 1149 orat
976 1103 1036 1169 pro
1068 1082 1138 1165 illo;

157 1190 412 1278 membrapenim
439 1210 496 1254 sua
524 1190 662 1253 maxime
700 1203 817 1254 nocent
850 1189 923 1268 sibi,
947 1189 1023 1274 quia
1057 1190 1139 1254 sicut

157 1297 337 1361 linientibus
359 1295 464 1360 Deum
491 1294 599 1358 omnia
625 1304 843 1378 cooperantur
865 1295 899 1358 in
933 1295 1063 1373 bonum,
1095 1295 1139 1357 sic

157 1402 300 1487 prescitis
331 1403 438 1465 omnia
466 1401 615 1464 cedunt'
607 1422 639 1464 m
667 1401 801 1478 malum,
829 1414 862 1463 et
889 1400 1055 1485 potissime
1077 1419 1140 1483 que
1154 1433 1184 1468 ,ο

117 1508 306 1569 invidentur
334 1505 379 1569 eis
408 1506 508 1589 magis
532 1506 632 1570 utilia
668 1506 731 1568 Hic
756 1506 828 1568 dico
851 1506 941 1591 quod
964 1504 1071 1568 minor
1094 1518 1140 1567 est

117 1575 249 1718 ¹iplalsa,
281 1630 354 1674 nam
378 1609 410 1696 in
435 1630 510 1674 casu
534 1609 641 1696 posito
671 1609 773 1673 homo
801 1608 939 1673 intendit
966 1628 1059 1671 orare
1083 1628 1141 1726 pro

117 1716 238 1779 e-dato
260 1729 399 1799 mortuo,
422 1716 476 1779 sed
501 1736 565 1779 non
589 1730 660 1779 orat
683 1734 744 1800 pro
768 1735 807 1777 eo
830 1735 868 1779 ex
892 1714 960 1777 eius
984 1712 1141 1797 incapaci·

161 1833 237 1898 tate,
269 1822 323 1884 sed
354 1821 492 1884 intencio
519 1821 601 1885 sicut
624 1821 734 1883 oracio
758 1819 916 1901 generalis
940 1833 987 1883 est
1010 1819 1043 1882 in
1066 1838 1140 1883 casu

161 1925 332 1990 meritoria.
362 1926 456 1991 Unde
486 1926 525 1994 ad
557 1926 620 1989 boc
650 1925 741 2010 quod
766 1925 838 2009 quis
861 1937 931 1989 oret
955 1926 1058 1988 Deum
1082 1940 1184 2009 pr015

162 2030 269 2116 aliquo
295 2030 468 2117 requiritur
490 2030 562 2114 eius
595 2030 766 2115 capacitas,
796 2043 832 2094 ut
859 2043 949 2115 puta,
984 2031 1073 2114 quod
1101 2030 1143 2093 sit

162 2142 304 2199 'creatura
321 2137 496 2220 racionalis,
521 2156 619 2221 capax
638 2136 716 2198 boni
740 2155 886 2252 proquo
909 2134 1144 2199 racionabiliter

162 2254 281 2308 oratur.
343 2310 347 2318 ,

117 2380 154 2413 m
207 2347 247 2409 Et
271 2346 308 2408 ad
333 2346 468 2430 primam
492 2342 774 2408 confirmacionem
793 2345 864 2409 dico
881 2347 969 2430 quod
986 2345 1178 2427 contingitt.

117 2422 335 2533 tilintelligere
370 2451 551 2514 oracionem
583 2451 839 2515 condicionatam
869 2451 1055 2535 dupliciter;
1094 2452 1143 2514 vel
1155 2480 1187 2517 20

117 2527 270 2640 {quoad
294 2557 489 2620 voluntatem
517 2555 670 2636 divinam,
703 2556 890 2640 ponendo
882 2577 913 2619 tn
938 2557 1007 2635 eius
1031 2557 1145 2635 volun·

165 2673 231 2725 tate
251 2660 328 2745 quid
352 2673 383 2724 et
401 2661 534 2746 qualiter
553 2660 729 2724 decreverit
745 2660 1008 2742 succurrendum,
1030 2676 1061 2725 et
1077 2662 1146 2726 talis

165 2767 261 2829 debet
287 2786 354 2829 esse
377 2766 483 2829 oracio
505 2766 683 2846 ,viatorum
717 2767 768 2830 vel
795 2765 938 2830 secundo
965 2767 1071 2851 quoad
1095 2785 1145 2830 ca·

165 2870 335 2956 pacitatem
368 2870 500 2934 subiecti
532 2890 679 2955 proquo
703 2890 796 2934 orare
827 2869 1016 2950 intenditur,
1049 2885 1080 2936 et
1102 2872 1147 2934 sic

168 2976 333 3060 supposita
359 2976 426 3039 eius
449 2976 659 3058 incapacitate
683 2975 790 3059 ipsum
814 2975 995 3039 subiectum
1020 2997 1082 3038 non
1100 2991 1147 3040 est
1159 2989 1189 3042 25

170 3101 302 3164 persona
330 3101 390 3164 pro
417 3101 479 3164 qua
508 3083 552 3143 sic
576 3095 698 3162 oratur,
736 3081 790 3143 sed
814 3081 862 3143 vel
886 3081 954 3163 ipse
979 3102 1075 3143 orans
1099 3082 1148 3144 vel

169 3186 228 3249 alia
256 3207 353 3269 capax
380 3205 512 3270 persona
544 3186 684 3248 ecclesie.
723 3186 819 3262 Quod
844 3200 952 3248 autem
978 3185 1149 3268 vulgariter

170 3292 284 3355 dicitur
306 3290 390 3353 orari
419 3311 477 3374 pro
501 3291 554 3353 tali
579 3291 704 3353 intento
729 3289 906 3373 suffragari,
940 3293 1013 3354 licet
1036 3292 1076 3354 sit
1104 3293 1148 3354 in·

169 3396 292 3476 babilis,
315 3396 520 3481 equivocatur
553 3396 584 3457 in
618 3393 842 3458 nominetenus
876 3397 1036 3471 oracione,
1068 3396 1149 3462 sicut

172 3501 253 3564 forte
268 3501 376 3563 oracio
392 3500 511 3583 indigni
530 3519 593 3561 non
611 3513 656 3562 est
673 3513 753 3582 aput
771 3501 873 3562 Deum
892 3501 1027 3563 univoce
1042 3503 1149 3564 oracio
1160 3512 1192 3563 30

172 3626 230 3690 pro
252 3621 459 3690 quocunque,
482 3605 555 3668 licet
576 3624 652 3686 ergo
674 3625 767 3666 orare
784 3624 842 3688 pro
859 3605 980 3667 viatore
1003 3607 1150 3689 prescito,

173 3731 245 3773 cum
273 3711 312 3774 sit
340 3731 438 3794 capax
466 3710 569 3773 meriti
594 3724 628 3773 ut
652 3709 767 3771 micius
799 3709 963 3791 puniatur,
994 3711 1076 3772 sicut
1103 3726 1150 3775 est

170 3817 213 3878 'de
238 3816 379 3900 prescitis
403 3817 457 3900 qui
474 3817 512 3878 ad
532 3815 713 3877 oracionem
739 3814 869 3877 alterius
893 3813 1012 3878 faciunt
1035 3814 1152 3877 nedum

215 4020 487 4079 tNAquuoddeert
581 4019 648 4075 4⁸¹
664 4019 693 4064 de
708 4027 794 4076 quarto
807 4018 899 4063 tlttorl
993 4031 1024 4063 ro.
1040 4030 1066 4064 u.
1080 4019 1148 4077 AAp

174 4091 215 4148 qul
229 4091 341 4137 ridentur.
368 4094 390 4136 Α
404 4092 428 4137 ln
443 4102 517 4149 marg.
524 4105 531 4134 ι
546 4090 685 4148 Responsio.

218 4249 243 4303 9·
262 4236 337 4287 Rom.
347 4192 425 4299 unt,
445 4232 486 4289 28.
