3262 5226
386 355 455 404 car.
473 337 539 430 ιιι]
764 354 810 407 nt.
828 352 1008 407 eccum.

272 536 302 591 x
317 533 378 606 ηε·
391 516 508 581 Ourania
533 523 642 578 vestra
663 519 752 587 suut,
774 524 805 573 et
826 509 923 572 Marci
956 510 1013 592 X0,
1041 529 1094 594 29,
1127 510 1203 575 dicit
1234 510 1381 578 Christus

385 622 472 707 quod
495 619 678 703 quicunque
694 613 860 697 reliquerit
878 612 1038 677 muudum
1054 628 1086 679 et
1100 635 1228 678 carnem
1243 632 1377 702 propter
1488 623 1495 633 ’

386 747 505 790 nomen
539 741 647 799 suum,
683 719 816 803 accipiet
849 718 974 783 cencies
1004 728 1143 786 tautum.
1171 720 1212 784 Et
1248 718 1281 783 in
1314 720 1378 785 hoc

387 831 509 893 mundo
540 823 687 888 sacerdos
718 820 898 906 (inquiunt)
930 836 962 886 et
999 822 1175 907 specialiter
1212 822 1377 910 religiosus

363 934 480 1002 §habet
502 931 553 994 ius
574 928 665 1013 quod
689 942 736 992 est
751 926 933 990 dominium
955 928 996 990 ad
1020 927 1077 991 toti
1103 928 1227 991 mundo
1249 929 1371 992 secula·

387 1038 461 1101 riter
483 1032 730 1110 dominandum,
753 1046 785 1095 et
800 1032 844 1096 sic
861 1030 1007 1096 Christus
1022 1029 1133 1095 docuit
1147 1052 1203 1094 eos
1219 1034 1379 1096 mundum

388 1140 576 1222 relinquere,
609 1149 646 1199 ut
679 1135 851 1199 secularius
875 1150 1112 1199 conversentur.
1158 1135 1220 1198 Sed
1252 1136 1379 1220 quesito

389 1244 413 1306 si
436 1241 519 1327 layci
541 1239 757 1324 relinquentes
779 1254 893 1304 cuncta
915 1260 976 1324 pro
992 1238 1123 1304 Christo
1139 1254 1233 1304 erunt
1247 1239 1292 1303 eia
1306 1259 1379 1324 par·

388 1346 508 1430 ticipes,
525 1344 551 1408 si
568 1364 652 1409 unus
667 1342 837 1407 excludens
852 1343 952 1406 alium
968 1341 1041 1408 lacit
1054 1342 1113 1406 sibi
1128 1342 1286 1426 iniuriam,
1304 1364 1380 1409 cum
1436 1422 1440 1427 Ι

349 1450 456 1518 maliis
483 1470 547 1534 que
580 1463 778 1513 concernunt
800 1448 890 1513 civile
912 1446 1105 1530 dominium,
1131 1447 1301 1533 paciuntur
1321 1470 1378 1513 en·
1397 1460 1599 1558 affluet-se

387 1553 517 1639 gestias.
561 1553 637 1616 ldeo
678 1551 853 1618 defenduut
895 1573 996 1618 unum
1037 1551 1237 1638 capitaneum
1282 1573 1379 1640 quem
1487 1605 1491 1613 .

389 1681 506 1744 papum
539 1658 708 1723 nominant
744 1659 803 1721 sub
836 1656 927 1731 cuius
959 1657 1072 1721 umbra
1102 1655 1269 1722 infideliter
1304 1672 1379 1724 suut

269 1841 276 1853 ‚
388 1764 533 1850 protecti.

354 1882 383 1936 Y
436 1868 475 1931 Et
497 1866 524 1930 si
546 1866 683 1930 obicitur
704 1867 794 1953 quod
816 1866 901 1931 curia
916 1868 1063 1930 Romana
1084 1865 1239 1951 extinguit
1260 1866 1379 1932 multos
1407 1877 1460 1925 ne
1474 1886 1587 1929 ωιηοι

352 1988 521 2052 memores,
545 1971 661 2036 dicitur
687 1972 776 2056 quod
808 1972 847 2035 de
879 1985 968 2036 tanto
991 1986 1039 2036 est
1060 1971 1226 2038 laudabilis
1252 1985 1284 2037 et
1312 1930 1607 2034 satellis-lais&

391 2076 524 2161 satrapis
547 2091 596 2141 est
618 2077 806 2161 parendum.
845 2076 879 2141 Si
901 2091 1009 2141 autem
1032 2077 1143 2162 vulpes
1165 2076 1295 2162 parvule
1315 2095 1378 2162 que
1452 2037 1533 2083 ω

391 2180 611 2246 demoliuntur
636 2180 840 2266 particulares
871 2181 979 2245 vineas
1009 2181 1127 2245 habent
1164 2179 1242 2244 inibi
1273 2177 1381 2246 tovers

391 2286 423 2349 in
446 2284 565 2370 quibus
588 2285 753 2350 convoluti
770 2285 955 2349 criminibus
970 2285 1114 2350 callidius
1130 2300 1161 2349 et
1179 2285 1382 2351 constantius

323 2405 381 2478 ηε·
391 2391 612 2473 defendantur,
636 2389 708 2475 quis
731 2390 855 2455 dubitat
877 2390 955 2475 quin
979 2390 1074 2453 nidus
1099 2390 1152 2454 ille
1176 2389 1257 2456 loret
1279 2385 1382 2455 lons‘

348 2495 503 2565 soveneni
542 2517 579 2560 ex
611 2494 704 2560 cuius
740 2494 848 2558 rivulis
888 2508 1003 2560 scateat
1038 2494 1144 2561 toxica
1182 2495 1214 2559 in
1255 2493 1382 2560 fidelem

392 2601 556 2666 ecclesiam
579 2595 791 2664 militantem?
822 2600 958 2665 Scutum
981 2614 1089 2665 autem
1112 2613 1144 2664 ct
1165 2598 1383 2665 velamentum

392 2706 487 2771 huius
519 2704 624 2770 toxice
652 2704 800 2771 videntur
822 2725 890 2769 esse
913 2702 1122 2791 congregacio
1148 2702 1207 2768 ista
1238 2725 1382 2790 perversa

391 2825 422 2874 et
454 2810 567 2895 triplex
600 2811 709 2874 velum
742 2832 808 2897 quo
841 2826 963 2876 mentes
994 2809 1138 2875 fidelium
1168 2823 1245 2874 sunt
1267 2822 1379 2899 secate.

392 2919 473 2981 Nam
496 2916 677 3000 appellante
699 2916 874 2999 pecunioso
897 2917 937 2978 ad
960 2915 1049 2978 illam
1070 2912 1202 2996 curiam,
1224 2913 1302 3000 quid
1324 2933 1381 2998 per

348 3020 565 3102 asmendacia,
589 3020 667 3105 quid
694 3041 752 3104 per
778 3020 861 3083 mala
892 3020 1037 3102 exempla
1068 3019 1190 3083 sceleris
1220 3018 1264 3083 ibi
1290 3031 1382 3102 capta

389 3124 521 3211 etquid
543 3146 602 3209 per
628 3123 816 3188 tradiciones
839 3121 966 3186 callidas
988 3135 1055 3186 tam
1078 3125 1118 3187 de
1140 3122 1256 3187 nostris
1282 3143 1380 3208 quam

389 3231 427 3294 de
442 3230 511 3293 aliis
532 3228 609 3292 inibi
637 3227 820 3291 adinventas
840 3225 1008 3288 inductum
1032 3242 1079 3291 est
1098 3243 1226 3293 scutum
1245 3225 1408 3302 infideli-12
1425 3256 1470 3301 uas
1487 3256 1602 3307 imm

388 3334 459 3399 tatis
481 3334 522 3397 ad
546 3333 728 3396 membrum
755 3329 880 3415 dyaboli
905 3344 1016 3394 contra
1048 3352 1144 3418 regna
1174 3348 1207 3399 et
1237 3347 1377 3397 sanctam
1400 3306 1588 3418 mfssfssffssfss„

388 3438 553 3504 ecclesiam
593 3429 844 3499 defendendam?
890 3436 1006 3499 Velum
1047 3450 1156 3502 autem
1195 3437 1377 3502 tn‘membre

363 3542 496 3613 tstatuit
518 3540 663 3625 inprimis
687 3538 878 3624 principium
903 3541 991 3626 quod
1017 3563 1082 3605 non
1108 3541 1181 3607 licet
1207 3540 1375 3607 christiano
1416 3570 1566 3618 ..mm

387 3648 508 3711 dictum
530 3643 581 3707 vel
604 3642 726 3707 lactum
740 3663 853 3708 eorum
868 3646 1053 3728 discernere,
1075 3666 1152 3709 cum
1165 3646 1230 3711 sint
1243 3646 1286 3711 dii
1301 3623 1600 3734 sub-'bin'igffssiff

388 3748 518 3817 terranei
542 3747 660 3833 quibus
682 3748 802 3813 donata
823 3763 870 3815 est
891 3764 1033 3835 potestas
1053 3749 1192 3816 clavium
1221 3772 1280 3836 par
1301 3772 1377 3816 cum

388 3852 526 3934 Christo,
567 3852 623 3936 qui
663 3867 800 3938 possunt
841 3855 1031 3940 scripturam
1071 3876 1193 3920 sacram
1229 3868 1375 3938 statuere,

425 4155 459 4202 ¹4·
472 4143 530 4191 Ain
539 4154 630 4201 marga
645 4143 766 4192 outeeclo.
857 4145 890 4192 1⁶.
905 4146 929 4192 Α
938 4143 961 4191 ln
972 4156 1060 4203 marga
1073 4143 1177 4193 Soloeis.
1271 4156 1302 4191 aa.
1313 4144 1337 4191 A
1348 4143 1375 4191 le

387 4226 473 4273 maren
488 4212 587 4260 scutum
602 4215 717 4261 etesium
731 4213 884 4261 deleadencla
895 4213 1085 4260 domlnaelonem
1099 4214 1192 4261 civilem
1202 4214 1267 4261 elerl.
1281 4213 1375 4271 (Amas

387 4282 437 4341 ¹7⁸⁴
451 4283 550 4330 without
563 4284 631 4330 mark
644 4282 671 4330 ol
682 4284 818 4340 reference).
832 4283 863 4329 Ba
877 4291 970 4330 sentum
984 4291 1016 4329 et.
1337 4302 1342 4309 ·
