3262 5226
144 279 221 370 '24⁰
603 364 605 369 ,
683 305 853 360 tonsurus
869 306 1017 360 wvcrrr.
1223 284 1355 377 [cinxi
1404 349 1405 352 a
1485 286 1488 290 ·

155 536 174 571 1.
184 471 364 571 prm-spu
375 458 425 523 lex
449 461 527 524 illud
550 461 746 545 exprimeret,
769 463 823 526 sed
847 462 921 528 lacit
935 463 1122 548 oppositum
1138 483 1212 526 cum
1230 482 1356 525 servum
1370 475 1457 544 162⁸}

163 576 269 686 12:⁹¹3
275 577 353 674 pppt‘e
373 563 477 628 eciam
500 565 685 630 existentem
720 567 752 630 in
786 566 890 652 gracia
920 568 1014 632 docet
1041 565 1199 632 extrahere
1224 580 1254 631 et
1276 566 1355 630 alios

167 680 351 780 merwigo
372 669 562 734 criminosos
589 670 684 735 docet
711 670 852 735 libertate
875 673 1022 756 gaudere.
1045 670 1106 735 Hic
1128 670 1245 736 dicitur
1266 671 1368 755 quod'

211 746 306 830 ienae.
371 773 446 857 plus
469 794 602 858 peccans
625 788 672 839 est
693 776 733 839 de
749 775 876 840 racione
890 777 963 861 plus
979 775 1144 860 elongatus
1166 797 1185 840 a
1207 774 1355 858 suffragio

371 876 510 961 ecclesie,
532 877 605 943 licet
626 879 757 944 ecclesia
778 900 816 943 ex
837 879 1021 964 ignorancia
1040 879 1217 964 gravedinis
1233 878 1379 964 peccatis

370 982 420 1044 vel
443 1002 481 1046 ex
503 983 709 1068 percepcione
733 983 869 1069 planiori
892 984 1004 1050 iniurie
1019 985 1068 1049 vel
1090 984 1151 1048 alia
1173 1004 1267 1048 causa
1286 985 1353 1047 cul·

368 1084 467 1169 pabili
489 1085 549 1151 hoc
572 1087 735 1174 dispariter
764 1103 982 1176 prosequatur.
1015 1090 1099 1153 Nam
1125 1089 1151 1153 si
1177 1089 1354 1154 secundum

369 1192 440 1256 iura
461 1191 600 1257 humana
622 1209 654 1259 et
675 1194 884 1260 ecclesiastica
906 1195 1031 1261 licitum
1046 1194 1235 1259 racionabile
1258 1207 1354 1277 atque

369 1296 549 1383 legitimum
581 1311 628 1363 est
657 1299 817 1364 extrahere
848 1320 974 1364 servum
1006 1313 1100 1385 atque
1132 1299 1282 1362 libertum
1315 1296 1354 1371 de

369 1402 500 1467 ecclesia
527 1423 585 1487 pro
614 1403 722 1469 debito
746 1404 850 1489 operis
877 1405 1094 1489 impendendo
1117 1403 1251 1467 domino
1274 1416 1353 1466 tem·
1367 1434 1398 1471 ιο

368 1507 470 1591 porali
497 1504 547 1594 (ut
573 1521 658 1591 patet
691 1507 831 1593 capitulo
864 1509 917 1572 De
943 1508 1006 1573 hiis
1027 1509 1084 1592 qui
1109 1506 1154 1571 ad
1184 1506 1353 1572 ecclesiam

202 1637 314 1682 noe-en
358 1606 516 1698 sagittat,
527 1612 565 1676 le.
578 1610 636 1696 li),
651 1612 676 1674 si
687 1613 793 1676 omnis
809 1613 1000 1677 indebitatus
1015 1611 1162 1696 proximo
1177 1612 1209 1675 in
1220 1609 1354 1695 pecunia

176 1686 336 1797 &mill
370 1716 421 1779 vel
443 1736 636 1801 quocunque
651 1717 744 1781 debet
767 1717 934 1781 servicium
950 1715 1173 1780 satisfaccionis
1196 1716 1256 1780 sub
1271 1734 1354 1799 pena

221 1791 291 1839 'm'
369 1820 606 1905 dampnacionis
628 1820 761 1884 domino
784 1820 1001 1902 dominorum,
1024 1841 1098 1904 ergo
1121 1819 1226 1900 multo
1251 1817 1352 1901 magis
1393 1894 1399 1902 ,

368 1924 442 1989 licet
463 1946 538 1989 eum
559 1924 717 1989 extrahere
744 1926 784 1989 de
806 1925 946 2006 ecclesia,
977 1925 1002 1987 si
1037 1924 1148 1989 exhinc
1168 1937 1281 2008 pauset
1303 1921 1351 1985 in·
1366 1939 1395 1992 ι.5

370 2029 522 2094 obediens
544 2033 583 2094 ad
605 2030 802 2094 reddendum
826 2030 996 2093 servicium
1019 2029 1080 2113 regi
1102 2050 1223 2113 regum.
1247 2026 1353 2109 Minor

367 2148 455 2218 patet
477 2156 513 2199 ex
535 2134 597 2199 hoc
616 2136 704 2220 quod
719 2135 825 2199 omnis
847 2134 949 2197 homo
966 2148 1012 2198 est
1027 2134 1127 2218 magis
1150 2153 1257 2197 servus
1273 2133 1352 2213 Deo,

367 2238 441 2321 plus
464 2238 586 2303 debitor
608 2253 638 2302 et
658 2239 746 2324 prius
772 2259 871 2324 quam
897 2238 1011 2324 aliquis
1037 2259 1144 2302 servus
1168 2251 1214 2301 est
1230 2236 1353 2299 debitor

367 2341 502 2406 domino
528 2343 705 2427 temporali.
742 2344 834 2408 Unde
856 2342 1033 2427 Apostolus
1056 2341 1172 2426 Ephes.
1204 2341 1272 2420 Vl⁰‚
1306 2341 1351 2422 ⁵⁰,

338 2456 344 2469 '
366 2446 460 2509 docet
481 2467 593 2512 servos
615 2447 745 2512 obedire
768 2448 907 2512 dominis
925 2447 1116 2511 carnalibus
1138 2466 1211 2509 cum
1235 2448 1396 2515 timorem

366 2560 398 2615 et
419 2560 572 2631 tremore,
594 2553 677 2617 sicut
694 2553 831 2634 Christo,
846 2554 1023 2618 servientes
1038 2553 1120 2616 sicut
1134 2551 1264 2616 domino
1286 2569 1350 2614 non

368 2655 560 2721 hominihus.

412 2758 627 2825 Conlirrnatur
636 2761 743 2844 primo
758 2783 815 2846 per
829 2760 891 2825 hoc
906 2762 1005 2847 quod,
1015 2761 1096 2825 sicut
1111 2760 1210 2825 homo
1226 2773 1381 2828 tenetura
1399 2775 1427 2829 κ

368 2865 442 2949 plus
464 2866 569 2930 Deum
591 2866 718 2950 diligere
741 2887 841 2951 quam
862 2887 896 2930 se
919 2865 1037 2950 ipsum,
1064 2865 1108 2930 sic
1131 2878 1256 2929 tenetur
1278 2863 1351 2948 plus

369 2970 457 3033 odire
480 2969 538 3033 Dei
565 2970 722 3053 iniuriam,
746 2971 831 3034 unde
853 2970 981 3051 xxnn,
1004 2991 1035 3054 q.
1059 2970 1104 3054 Ν
1124 2969 1168 3034 sic
1191 2968 1351 3033 scribitur:
1364 2986 1395 3039 25

369 3075 405 3137 Si
425 3093 465 3137 ea
492 3074 665 3159 dequibus
687 3077 891 3140 vehementer
912 3071 1014 3139 Deus
1027 3073 1213 3158 offenditur,
1229 3075 1356 3156 insequi

367 3179 418 3241 vel
450 3179 562 3242 ulcisci
587 3166 778 3264 deseiimus,
816 3179 861 3242 ad
891 3178 1099 3242 irascendum
1135 3180 1245 3262 utique
1271 3178 1353 3242 divi·

368 3284 480 3347 nitatis
494 3283 722 3367 *pacienciam
734 3302 967 3368 provocamus.
984 3282 1131 3346 Secundo
1147 3280 1354 3346 confirmatur
1367 3297 1424 3352 162·
1445 3299 1466 3352 b

367 3408 405 3451 ex
437 3389 499 3452 hoc
528 3379 616 3472 quod
639 3389 813 3452 secundum
844 3387 929 3472 leges
956 3385 1111 3451 humanas
1138 3386 1209 3450 lesis
1232 3400 1263 3450 et
1287 3406 1352 3450 non

407 3590 757 3650 tlttnrnrrazlteepamto.
843 3590 1173 3648 oustatareutentprtt.
1250 3589 1351 3637 rahhs

368 3668 432 3719 patet
455 3660 504 3715 Cor
530 3662 588 3707 ibid.
609 3663 638 3707 ie.
657 3663 678 3706 n.
698 3660 722 3707 ld
745 3669 780 3706 est
805 3661 855 3717 lege
878 3661 925 3706 fine
944 3663 1006 3718 (tege
1029 3661 1053 3706 ia
1073 3661 1128 3717 hae>
1148 3661 1180 3706 lb.
1201 3659 1244 3706 sed
1265 3659 1353 3705 ornate.

370 3732 400 3778 ri.
415 3730 448 3777 ur
463 3742 606 3790 quoeunque
620 3732 689 3776 silo..
729 3729 761 3776 25.
776 3732 798 3776 Α
811 3731 856 3788 An
870 3729 938 3776 Unde
952 3734 1025 3776 esest

415 3890 454 3926 rr.
475 3875 566 3927 Decret
590 3872 709 3942 Gregorii
732 3874 774 3941 lx,
794 3872 839 3925 lib.
862 3873 913 3940 ill,
935 3871 973 3925 tlt.
992 3872 1352 3942 xtrtx‚cep.v1.estrero

368 3977 462 4014 servus
477 3961 553 4014 fuerit
571 3961 616 4031 qui
628 3962 777 4030 confugerit
789 3962 821 4012 sd
834 3959 984 4024 ecclesiam,
996 3969 1137 4028 postquam
1150 3958 1184 4009 de
1197 3958 1352 4026 impunitate

368 4065 416 4101 sue
433 4048 558 4100 dominus
578 4050 635 4100 eius
658 4047 761 4100 clericis
784 4049 959 4101 iuramentum
977 4043 1142 4115 praestiterit,
1159 4043 1191 4096 sd
1211 4043 1352 4097 servicium

368 4135 470 4188 domini
499 4138 538 4187 sui
561 4137 644 4188 redire
672 4135 840 4206 compellitur
864 4135 946 4187 etism
968 4130 1073 4184 invitus.
1180 4128 1221 4183 25.
1248 4129 1351 4185 naeu

368 4239 438 4294 pars,
461 4238 538 4276 cause
555 4224 644 4287 mli,
663 4237 721 4293 esp.
739 4224 771 4276 t.
