3262 5226
306 493 424 591 caari
645 564 648 571 ,
686 510 733 564 na
751 509 929 564 accursu.

97 666 112 731 .'
196 687 481 760 3142⁸nusquam3
512 670 571 733 iste
592 683 701 732 autem
727 665 823 732 simul
855 666 990 731 circulus
1023 664 1226 760 intelligibilis
1260 681 1293 731 et

307 779 497 865 quadratum
519 773 695 837 secundum
718 770 928 856 multiplicem
944 769 1107 835 racionem
1122 770 1291 834 miserendi

306 880 435 947 ecclesie
466 876 630 943 constituit
663 876 857 969 quadratum
893 873 1051 956 sensibile,
1090 874 1220 960 quando
1258 872 1292 938 in
1354 884 1392 931 tte
1409 886 1455 930 ιιι

1340 936 1473 984 combined

306 985 501 1072 plenitudine
524 980 676 1065 temporis
701 979 938 1065 compaginavit
967 993 1109 1065 quatuor
1137 980 1294 1042 elementa
1324 989 1490 1088 ‘'ergata-gn

282 1090 338 1158 sin
369 1102 520 1174 quattuor
550 1086 702 1150 humores
740 1105 776 1150 ac
807 1099 960 1170 quattuor
991 1083 1230 1168 complexiones
1262 1096 1294 1147 et
1316 1094 1497 1192 :imppp

306 1191 477 1276 assumpsit
513 1191 646 1276 plenum
677 1190 844 1254 hominem
874 1210 971 1275 quem
1008 1187 1051 1252 sic
1084 1185 1166 1252 lecit.
1197 1186 1294 1249 Tunc
1329 1199 1490 1296 iffi&

270 1378 273 1383 θ
306 1297 392 1361 enim
412 1295 558 1362 sensibile
580 1296 770 1381 quadratum
785 1292 1033 1358 humanitatiset
1048 1291 1186 1357 circulus
1200 1288 1292 1355 intel·

306 1400 430 1486 ligihilis
453 1399 623 1465 divinitatis
646 1398 765 1463 lactum
789 1412 837 1463 est
859 1412 1033 1483 utrumque
1064 1411 1176 1461 natura
1205 1385 1314 1459 ide'm'

306 1505 511 1591 suppositum
532 1505 618 1568 verbi
642 1502 711 1568 Dei.
1060 1516 1063 1520 ’

283 1625 298 1678 1
350 1612 389 1675 Et
419 1609 513 1674 istam
544 1608 737 1673 sentenciam
768 1608 905 1674 inculcat
935 1622 1063 1674 sanctus
1097 1621 1129 1672 et
1157 1606 1294 1669 devotus

307 1718 418 1779 doctor
439 1713 586 1799 magister
599 1713 759 1777 lohannes
781 1713 820 1776 de
838 1713 998 1796 Howdan,
1013 1713 1179 1798 alloquens
1201 1731 1293 1775 amo·

307 1841 373 1886 rem
395 1819 449 1905 qui
473 1817 645 1883 incarnavit
668 1817 771 1882 filium
793 1817 826 1881 in
849 1818 908 1882 hcc
930 1817 1041 1885 verba:
1064 1820 1176 1881 Artem
1196 1817 1293 1896 trosti,

306 1924 519 2008 quadrantem
533 1922 691 1987 circulum
703 1943 796 2007 quem
805 1921 989 2007 quadrasti,
1005 1923 1116 1987 carnis
1125 1922 1294 2008 quadran·

306 2029 418 2114 galam
456 2047 551 2110 spere
587 2027 651 2091 Dei
686 2027 771 2092 dans
788 2047 853 2110 per
880 2028 1076 2091 miraculum
1108 2028 1293 2093 sauciatum
1332 2075 1337 2082 -

269 2132 456 2200 tisanantio
478 2132 634 2196 seculum.
658 2132 711 2196 lsti
735 2131 854 2196 circulo
870 2145 999 2218 oportet
1020 2132 1187 2197 hominem
1201 2132 1294 2198 inniti

308 2253 338 2302 et
369 2236 545 2300 secundum
582 2236 806 2321 quadraturam
839 2250 978 2322 quatuor
1010 2236 1169 2302 virtutum
1191 2238 1293 2302 cardi·

308 2340 428 2405 nalium
449 2339 653 2424 incorporari,
675 2341 702 2406 si
725 2342 838 2406 debeat
864 2362 933 2407 esse
956 2343 1151 2408 membrum
1164 2342 1293 2408 ecclesie

308 2446 428 2509 dicente
450 2444 579 2510 veritate
602 2445 755 2510 Johannis
786 2447 862 2513 XV⁰
892 2462 929 2529 4:
953 2448 1044 2512 Sicut
1063 2448 1196 2533 palmes
1226 2468 1291 2515 rtort

303 2560 408 2634 potest
419 2550 520 2635 serre
532 2550 686 2635 fructum
710 2551 775 2616 nisi
801 2552 959 2616 martrerii
985 2553 1018 2616 itt
1046 2553 1118 2632 vite,
1153 2555 1202 2618 sic
1233 2572 1293 2618 rtec

146 2680 154 2749 ζ
266 2675 364 2719 aoros
386 2656 450 2719 nisi
472 2657 504 2719 itt
528 2676 578 2719 me
601 2658 795 2721 manseritis.
819 2656 959 2742 Oportet
982 2656 1070 2722 enim
1084 2656 1293 2723 christianum
1314 2660 1368 2708 rie
1382 2662 1508 2712 Citium

307 2782 373 2824 esse
388 2760 456 2825 Deo
469 2760 649 2846 insorptum
664 2783 721 2848 per
742 2783 896 2845 amorem,
919 2762 962 2828 sic
978 2763 1069 2849 quod
1091 2777 1159 2829 tota
1180 2715 1518 2829 ,wwnll'lll‘tl‘da

307 2866 393 2930 tritas
430 2866 528 2930 instar
565 2865 635 2930 lerri
672 2867 722 2932 vel
759 2868 904 2932 carbonis
935 2867 1099 2933 candentis
1131 2888 1192 2954 pro
1221 2869 1293 2933 zelo
1350 2819 1383 2880 sy
1396 2820 1462 2867 tore.

306 2970 435 3035 honoris
457 2971 525 3053 Del,
552 2971 673 3036 honore
696 2972 791 3037 seculi
814 2973 1009 3058 postposito,
1040 2973 1081 3040 sit
1102 2973 1216 3059 ignita3
1257 2974 1292 3039 in

149 3154 156 3179 ι
308 3075 396 3138 cuius
412 3076 539 3162 signum
554 3076 690 3162 apostoli
714 3096 750 3140 ex
773 3077 918 3142 doctrina
940 3078 1059 3144 Christi
1081 3079 1168 3145 Luce
1187 3081 1314 3181 xxiia

153 3188 156 3271 J
267 3187 459 3245 25vocarunt
482 3202 514 3245 se
536 3181 569 3244 in
592 3201 723 3246 suarum
745 3183 954 3267 epistolarum
975 3182 1080 3248 iniciis
1101 3204 1210 3248 servos
1232 3185 1292 3249 Dei

308 3299 339 3347 et
360 3284 481 3347 domini
505 3285 576 3349 Jesu
599 3285 728 3369 Christi,
750 3300 786 3351 ut
809 3308 867 3373 per
888 3288 949 3354 hoc
976 3288 1169 3373 reprimatur
1190 3286 1224 3352 in
1247 3288 1292 3353 eis
1350 3277 1352 3280 ’

309 3388 404 3452 fastus
426 3389 475 3451 vel
497 3390 657 3475 dignitatis
679 3393 879 3477 apparencia,
891 3394 945 3458 sed
961 3393 993 3456 in
1010 3393 1181 3458 dominum
1195 3414 1293 3460 suum

308 3506 506 3557 convertatur
528 3509 594 3559 tota
616 3495 778 3581 dignitatis
801 3498 976 3566 tendentia.
1005 3498 1068 3561 Sed
1097 3497 1204 3563 ho‘die-
1218 3519 1291 3584 pre·
1378 3583 1382 3589 Ι

307 3611 430 3682 postere
452 3599 491 3661 de
513 3599 673 3686 dignitate,
695 3602 835 3686 primatu
867 3617 899 3668 et
932 3603 1111 3669 reverencia
1141 3603 1226 3668 serti
1253 3602 1293 3669 'fit

145 3692 161 3789 s
268 3717 374 3775 30tota
396 3702 544 3786 intencio,
567 3706 606 3770 de
628 3705 750 3771 honore
782 3727 859 3772 vero
892 3707 1009 3773 Christi
1040 3709 1090 3773 vel
1121 3728 1183 3772 suo
1213 3727 1291 3772 con·

346 3919 362 3952 ι.
377 3907 407 3952 Bt
421 3907 465 3954 iste
479 3918 525 3955 rot.
589 3923 610 3958 ι.
625 3914 648 3958 Α
661 3914 704 3970 Aa
719 3912 841 3959 melonum
856 3912 984 3961 miserendi
994 3913 1106 3967 melate:
1120 3911 1151 3958 Bt
1166 3913 1292 3961 mitereotll

307 3977 355 4022 cit».
441 3979 462 4025 6.
477 3979 505 4024 li:
520 3993 567 4039 que
581 3982 614 4028 tie
627 3981 690 4029 lecit.
777 3984 800 4029 8.
814 3984 849 4029 Ar
865 3990 997 4042 atramque.
1011 3981 1029 4027 b
1043 3982 1068 4028 lo
1082 3993 1171 4040 marga
1182 3981 1291 4029 Circulos

308 4049 443 4107 quadratus.
528 4063 562 4097 to.
576 4053 598 4098 Α
611 4052 636 4098 lo
649 4065 738 4112 marga
750 4052 772 4099 J.
785 4054 903 4100 Howdan.
1000 4063 1027 4097 ιι.
1041 4052 1068 4098 ln
1082 4052 1165 4098 oodd.t
1179 4051 1293 4110 magister

307 4118 326 4165 J.
349 4119 504 4167 dellovdan.
608 4124 870 4183 17.Binmarg.tlo
892 4122 1117 4170 ecclesiaeueete.
1215 4134 1250 4182 to.
1263 4121 1292 4169 lo

307 4189 389 4235 rodda
406 4190 483 4239 tacere
497 4192 711 4243 tractumcmres
724 4195 817 4242 eston.
831 4193 877 4243 XV
899 4209 922 4252 4.
1015 4205 1046 4239 ιι.
1061 4193 1093 4239 Bi
1108 4194 1171 4254 qnod
1185 4205 1239 4240 noo.

345 4381 383 4419 ιι.
396 4366 464 4420 John
482 4368 515 4421 ot
529 4332 698 4439 Howdonst
720 4374 797 4442 1275)
819 4388 877 4427 was
899 4372 945 4426 the
971 4345 1093 4440 chaplain
1116 4371 1148 4423 ot
1168 4372 1294 4430 Elesnor.

307 4450 351 4503 the
368 4452 472 4507 mother
488 4454 519 4507 ol
534 4455 648 4510 Edwerd
665 4457 684 4511 l.
