3262 5226
691 493 858 548 tonsurus
876 493 1023 548 wvcue.
1188 471 1342 566 [eseam

364 667 403 711 ex
434 647 531 734 culpa
564 648 690 734 propria
722 648 816 714 luerit
846 648 991 714 inhabilis
1013 650 1053 714 ad
1075 649 1131 712 sibi
1156 652 1343 714 merendum
1358 664 1457 735 190⁹!

365 751 611 836 beatitudinem;
632 772 689 816 nec
705 751 849 818 Christus
872 752 1028 818 ordinavit
1043 773 1117 818 eum
1133 753 1176 817 sic
1191 754 1344 817 demereri

365 857 419 919 sed
457 856 600 944 permisit
636 856 814 922 ordinando
848 878 924 923 eum
956 857 988 921 in
1022 857 1083 922 hoc
1114 878 1170 942 per
1201 858 1345 921 accidens

365 981 483 1045 sponse
514 982 571 1026 sue
601 959 763 1046 proficere.
802 963 894 1028 Unde
926 961 995 1027 talis
1017 961 1133 1027 miscio
1156 975 1250 1048 atque
1271 983 1344 1047 pre·

365 1062 463 1130 leccio
506 1065 636 1152 prodest
672 1086 709 1130 ex
744 1066 847 1151 gracia
888 1065 1060 1130 ordinantis
1103 1080 1207 1130 sancte
1251 1067 1370 1136 matris

365 1169 493 1234 ecclesie
516 1169 617 1235 eciam
647 1171 719 1255 plus
745 1190 842 1256 quam
868 1170 893 1234 si
915 1171 1020 1235 solum
1044 1171 1223 1234 membrum
1245 1172 1344 1235 eccle·

364 1273 409 1338 sie
442 1273 476 1338 in
508 1273 575 1360 ipsa
607 1273 779 1360 preficeret.
809 1275 941 1340 Prodest
972 1275 1057 1339 enim
1089 1288 1217 1340 strenuo
1251 1275 1345 1339 militi

365 1378 405 1441 ad
426 1378 599 1444 exercitum
633 1379 720 1465 quod
743 1378 856 1445 habeat
878 1380 1091 1444 rebellantem.
1135 1381 1199 1444 Nec
1222 1395 1345 1444 contra·

364 1479 436 1546 dico
473 1484 529 1546 sed
566 1483 706 1548 assentio
743 1484 831 1569 quod
868 1504 942 1569 sepe
978 1483 1092 1565 evenit,
1130 1496 1165 1548 ut
1198 1483 1344 1569 pontifex

365 1584 462 1668 tingat
505 1587 555 1649 vel
593 1601 682 1672 putet
718 1607 751 1651 se
788 1587 910 1671 signare
945 1591 1140 1653 sacerdotem
1179 1603 1343 1670 caractere,
1357 1620 1387 1656 ιο

365 1689 419 1752 ubi
441 1705 572 1775 propter
600 1689 827 1756 inhabilitatem
859 1694 900 1757 ad
935 1692 1061 1756 ordines
1096 1693 1145 1756 vel
1182 1693 1343 1776 negligen-

365 1793 446 1858 ciam
477 1794 625 1859 ordinarii
660 1809 767 1860 manet
803 1796 912 1882 laycus
939 1818 1003 1861 non
1031 1796 1169 1882 signatus
1195 1795 1249 1885 (de
1276 1818 1344 1882 quo

365 1897 461 1981 alibi).

151 2021 202 2068 Tne
219 2021 355 2067 bresanus
409 2002 542 2067 Videtur
564 2019 670 2068 autem
697 2004 774 2068 mihi
797 2007 883 2090 quod
906 2005 1058 2090 prescitus
1079 2005 1178 2069 eciam
1200 2006 1231 2068 in
1255 2024 1381 2077 mor-0

164 2074 341 2173 ‘'ildiris''
367 2107 420 2171 tali
458 2123 591 2191 peccato
632 2109 744 2174 actuali
787 2109 941 2174 ministrat
977 2107 1132 2192 fidelibus,
1174 2110 1246 2174 licet
1284 2111 1343 2173 sibi
1357 2129 1386 2183 ,5

173 2180 329 2278 iiiiiiieiis‘
365 2212 618 2296 dampnabiliter,
641 2227 746 2276 tamen
769 2213 915 2278 subiectis
932 2213 1048 2277 utiliter
1066 2228 1276 2300 sacramenta..
1292 2215 1344 2278 Sic

164 2284 232 2381 'niu
249 2285 300 2382 {iii
312 2292 338 2328 ¹⁰
366 2315 452 2379 enim
475 2316 613 2398 Balaam,
636 2319 732 2380 Num.
748 2318 876 2400 Xllll10,
898 2318 1055 2404 Cayphas,
1082 2317 1150 2382 Joh.
1175 2319 1245 2400 xt0,
1269 2340 1344 2404 pro·

366 2419 548 2503 phetarunt,
582 2435 613 2485 et
643 2420 770 2506 dyaboli
802 2442 877 2507 sepe
908 2422 1017 2487 deiecti
1050 2443 1106 2507 per
1132 2421 1295 2486 Christum
1327 2444 1346 2487 a

365 2524 509 2607 personis
532 2545 610 2611 quas
633 2526 820 2591 obsederant
843 2526 977 2591 confessi
1000 2542 1075 2591 sunt
1098 2527 1223 2612 publice
1238 2526 1343 2591 domi-

367 2648 446 2692 num
468 2630 576 2694 lesum
606 2629 778 2695 Christum.
809 2632 850 2696 Et
871 2630 963 2696 istam
986 2631 1176 2695 sentenciam
1198 2629 1346 2694 diffinivit
1357 2664 1390 2700 20

366 2731 510 2797 Salvator
532 2734 661 2798 Matthei
689 2734 773 2818 Vll⁰,
790 2752 844 2800 22:
869 2736 975 2817 Multi,
1003 2735 1116 2821 inquit,
1142 2735 1244 2799 dicent
1268 2736 1346 2798 mihi

367 2836 399 2898 in
427 2837 486 2900 illa
513 2838 578 2925 die:
610 2839 758 2918 Domine,
788 2839 924 2919 domine,
957 2860 1061 2904 nonne
1082 2841 1116 2904 in
1139 2841 1267 2904 nomine
1293 2850 1346 2902 tao

362 2941 625 3024 prophetavimus
659 2955 690 3008 et
716 2945 748 3006 in
780 2945 906 3009 rtonsine
936 2955 989 3008 tuo
1021 2946 1165 3009 demonic
1196 2945 1348 3009 eiecimus

367 3054 396 3106 et
419 3046 552 3110 virtutes
578 3049 696 3111 multas
708 3048 878 3131 fecimus?
900 3051 942 3112 Et
967 3060 1042 3113 tunc
1068 3051 1236 3135 corfitebor
1267 3049 1349 3112 illis:

371 3149 456 3225 Quia
480 3172 644 3235 nunquam
669 3153 741 3215 ηονί
761 3173 826 3230 vos,
850 3168 885 3216 ut
907 3168 991 3237 patet
1014 3155 1052 3217 de
1079 3174 1145 3217 uno
1167 3153 1262 3216 Marci
1289 3154 1389 3222 lx⁰2s

368 3269 399 3317 et
427 3255 512 3318 Luce
547 3257 603 3320 lX⁰
632 3277 728 3341 quem
758 3257 892 3340 apostoli
928 3258 1136 3341 increparunt,
1168 3258 1242 3342 quia
1276 3257 1348 3321 lecit

368 3357 520 3422 miracula
543 3376 574 3424 et
596 3382 660 3424 non
679 3375 804 3424 secutus
828 3361 886 3424 luit
901 3382 964 3425 eos.
988 3362 1049 3425 Sed
1065 3362 1208 3425 Christus
1230 3383 1346 3445 appro-

369 3462 453 3526 bavit
476 3479 631 3547 quantum
659 3466 699 3529 ad
723 3465 935 3528 substanciam
958 3464 1112 3545 miraculi,
1144 3479 1178 3529 ut
1202 3487 1268 3529 non
1293 3486 1348 3550 per

368 3587 401 3629 se
438 3588 475 3629 ex
513 3568 608 3652 signis
645 3569 827 3632 huiusmodi
866 3569 1039 3633 iudicemus
1077 3567 1177 3632 lilium
1209 3569 1266 3633 Dei
1298 3572 1348 3634 vel

369 3670 472 3735 lilium
487 3673 612 3737 diaboli.
629 3673 679 3738 Sic
696 3694 769 3758 ergo
786 3675 961 3737 sacerdotes
984 3673 1058 3735 mali
1082 3671 1269 3737 iniurientur
1292 3676 1346 3737 sed
1358 3691 1391 3743 30

369 3795 434 3838 nou
472 3792 588 3841 nocent
618 3777 678 3862 piis
710 3776 853 3841 fidelibus
889 3797 953 3840 non
987 3777 1219 3841 demerentibus
1252 3778 1346 3841 mini·

368 3881 497 3977 strando
539 3882 583 3946 eis
623 3881 827 3946 ecclesiastica
868 3896 1068 3964 sacramenta,
1111 3896 1146 3945 ut
1186 3896 1275 3965 patet
1315 3882 1347 3946 iu

408 4135 428 4182 3.
443 4140 464 4183 A
475 4141 518 4195 A,s
533 4138 648 4194 pronlsta
754 4137 776 4182 8.
790 4140 811 4183 A
821 4139 844 4183 in
856 4148 944 4193 maras
952 4136 1081 4193 Episcopus
1092 4149 1138 4182 noa
1149 4149 1243 4193 semper
1252 4138 1348 4195 qnando

369 4208 486 4262 pretendit
499 4208 609 4253 ordinere
622 4207 722 4253 ordinet.
746 4207 763 4250 B
784 4208 808 4252 la
829 4218 915 4263 marga
935 4206 1028 4251 Prescltl
1050 4207 1180 4253 ministrant
1193 4215 1348 4253 sacramente.

370 4288 403 4329 re.
417 4279 441 4322 A
455 4277 479 4321 la
494 4289 582 4334 merga
597 4277 656 4322 Note
670 4277 846 4322 conclusionem
858 4277 957 4322 bonam
972 4274 1086 4322 Sacerdos
1100 4276 1175 4322 malus
1188 4282 1223 4321 est
1237 4278 1349 4321 sacerdos

369 4345 530 4390 etmlnistrst.
619 4345 958 4404 17.=8.AA,2proptuavu.
1037 4344 1069 4389 as.
1087 4347 1208 4401 nativum
1223 4347 1349 4402 sequentis

369 4414 485 4460 excidisse
505 4417 624 4463 eldenturs
637 4416 750 4462 discedite
768 4428 781 4461 s
801 4429 846 4462 me.
950 4414 986 4459 3ο.
1000 4417 1021 4460 A
1035 4415 1058 4459 la
1074 4427 1160 4472 meras
1175 4416 1244 4460 Nota.
