3262 5226
131 229 264 323 canta]
521 246 763 303 rosaceum

83 421 121 492 ῳ
130 421 177 472 est
207 428 227 471 a
258 406 329 471 Deo
362 404 529 471 ecclesiam
562 402 732 487 gentilium
753 404 793 466 ad
816 400 989 487 perlectam
1021 403 1133 489 legem

131 510 247 577 Christi
285 504 486 574 convertere?
522 508 597 571 Non
634 505 719 571 enim
756 506 840 571 cadit
868 506 1047 593 'auctoritas
1077 510 1134 573 rel

130 616 214 680 rocio
246 613 467 699 dispensandi3
505 614 591 677 unde
628 610 797 676 verisimile
833 627 881 676 est
919 614 1007 698 quod
1038 612 1132 677 radix

131 719 233 783 tocius
266 716 520 803 perturbationis
553 716 585 780 in
609 716 718 781 seculo
739 729 788 780 est
810 715 882 781 cleri
906 717 1082 782 declinatio
1108 740 1131 783 a

105 825 199 907 §lege
232 822 351 889 Christi
385 823 424 885 ad
453 821 552 885 vitam
575 834 607 884 et
628 820 817 885 tradiciones
839 820 957 885 civilea
981 820 1131 887 Christus

130 943 239 993 autem
270 946 397 1011 semper
429 924 558 1010 reliquit
587 924 620 987 in
649 946 713 990 una
735 938 823 1010 parte
845 925 976 990 ecclesie
997 947 1054 991 sue
1076 927 1130 991 rel

131 1033 191 1095 alio
222 1032 348 1117 aliquos
380 1028 489 1095 fideles
511 1029 566 1115 qui
590 1031 750 1093 mundum
778 1030 934 1113 deserant,
956 1044 988 1095 et
1009 1029 1042 1094 in
1066 1030 1129 1094 illis

131 1138 210 1202 lorte
247 1135 377 1200 obiectis
415 1133 605 1220 primatibus
642 1147 704 1199 stat
740 1132 818 1199 fides
854 1149 887 1199 et
922 1133 1128 1200 continuatio

130 1256 237 1305 sancte
271 1241 382 1304 matris
413 1239 553 1303 ecclesie.
589 1239 631 1303 Et
663 1252 749 1322 patet
780 1242 869 1325 quod
891 1261 967 1325 sepe
989 1261 1054 1304 non
1078 1253 1195 1305 estne
1209 1256 1356 1303 nme-rol

89 1346 334 1429 roprivilcgium
367 1358 480 1409 vocata
512 1341 643 1407 dotatio
673 1341 745 1407 cleri
768 1343 801 1406 in
824 1344 1062 1429 temporalibus,
1094 1309 1356 1425 eti'e'ffl'e'af'ssfffl

130 1471 186 1535 per
217 1469 419 1535 consequens
447 1447 622 1511 auferendo
648 1469 668 1512 a
693 1447 779 1512 clero
810 1448 869 1512 ista
901 1470 968 1513 non
998 1463 1126 1533 oportet
1165 1414 1332 1527 ‘’iiiia'‘

130 1555 219 1639 quod
250 1553 435 1617 auferantur
466 1553 506 1615 ab
538 1574 578 1617 eo
606 1551 778 1637 privilegia,
801 1553 855 1617 sed
878 1552 991 1638 pocius
1013 1568 1125 1618 amoto
1222 1538 1225 1542 Δ

130 1659 319 1743 prohibente
353 1658 395 1723 sit
427 1657 558 1722 ecclesia
591 1656 768 1742 apostolica
795 1647 945 1723 'restituta
982 1658 1022 1721 ad
1052 1678 1125 1722 vera

85 1764 291 1848 ·3·pririlcgia
324 1762 503 1848 primitira3
526 1762 614 1848 quod
638 1783 699 1846 ago
722 1762 818 1826 credo
833 1759 855 1807 *
869 1761 1021 1827 dominos
1043 1777 1124 1827 tem·

91 1870 253 1952 :sporales
277 1869 309 1931 in
333 1889 409 1933 casu
432 1869 547 1931 debere
572 1867 673 1931 lacere
696 1868 755 1930 sub
778 1888 860 1952 pena
882 1867 1125 1952 dampnationis

100 1973 323 2054 aptavissime.
356 1972 525 2057 Numquid
556 1970 714 2035 credimus
744 1992 812 2036 esse
843 1992 997 2055 magnum
1028 1971 1124 2055 privi-

131 2078 249 2159 legium
281 2077 436 2161 episcopo
467 2077 517 2140 vel
548 2075 653 2139 abbati
688 2077 776 2160 quod
810 2076 947 2140 habeant
970 2074 1071 2140 lurcos
1093 2080 1335 2178 “anxie“is'iii‘ri

130 2196 276 2263 puteum,
312 2181 344 2244 in
380 2181 499 2265 quibus
526 2180 692 2264 dampnati
715 2180 896 2263 regulariter
919 2181 1125 2262 trucidentur,
1134 2181 1200 2239 ncnc
1212 2164 1247 2280 ig
1247 2148 1358 2281 gatteri·

130 2299 161 2346 et
192 2284 235 2347 sic
269 2286 308 2348 de
340 2306 474 2367 carcere,
507 2287 546 2348 de
577 2285 646 2349 aliis
674 2287 843 2350 mundanis
867 2288 1037 2372 privilegiis
1059 2287 1124 2351 sire

98 2386 293 2469 binsigniis?
322 2391 444 2453 anmo
469 2412 535 2453 noo
560 2391 641 2455 loret
663 2391 863 2474 privilegium
892 2393 1016 2476 prelato
1035 2394 1124 2479 quod

130 2495 258 2557 haberet
292 2494 479 2575 efficaciam,
507 2511 543 2560 ut
574 2495 727 2580 quicquid
751 2496 886 2580 tetigerit
914 2497 1023 2561 statim
1045 2518 1123 2561 con·

130 2615 268 2663 vertatur
291 2599 323 2661 in
347 2621 473 2680 aurum,
497 2601 573 2685 quia
597 2615 673 2664 tunc
696 2600 810 2683 periret
834 2606 887 2665 adr
909 2601 1051 2665 descrens
1075 2601 1123 2664 in·

130 2706 308 2787 spiramina,
342 2705 458 2788 periret
495 2706 641 2768 vescibile
673 2720 704 2768 et
737 2720 960 2789 tegumentum
997 2706 1122 2790 corpori

129 2824 352 2894 temperatum.

100 2936 118 2976 o
173 2917 264 2980 Unde
304 2915 334 2977 in
374 2915 624 2979 detestacionem
661 2915 757 2978 huius
795 2915 973 2999 philargirie
1011 2914 1125 2998 legitur
1150 2929 1333 2990 Tneapoearea

128 3022 256 3085 beatum
283 3020 519 3103 Evangelistam
542 3019 733 3082 convertisse
757 3018 884 3084 lrondcs
912 3019 1067 3083 silvestres
1089 3019 1121 3082 in
1148 2996 1291 3084 '‘“c‘ffl
1306 2991 1339 3048 δ’

127 3148 242 3189 aurum
266 3140 296 3187 et
313 3124 417 3187 litoria
441 3145 515 3186 saxa
539 3124 571 3185 in
594 3144 748 3208 gemmas.
782 3125 841 3188 lste
864 3139 992 3194 sanctus
1015 3124 1122 3189 statim

129 3232 235 3315 potuit
268 3229 364 3292 luisse
396 3244 476 3314 aput
509 3231 667 3292 mundum
696 3228 869 3292 ditissimus
892 3244 923 3293 et
945 3230 1122 3292 secundum

127 3336 262 3421 gloriam
287 3335 485 3396 mundanam
502 3333 762 3418 preclarissimus,
795 3333 1067 3399 dominatissimus
1090 3347 1121 3398 et

89 3448 119 3499 30
131 3439 374 3519 famosissimus,
390 3439 414 3501 si
433 3460 499 3502 non
522 3452 727 3523 repugnasset
742 3437 931 3522 perfectioni
949 3438 1122 3524 apostolice

129 3561 160 3608 et
183 3545 350 3628 privilegio
374 3565 527 3608 concesso
542 3567 561 3608 a
576 3545 721 3625 Christo;
745 3544 833 3607 aliter
855 3543 940 3606 enirn
965 3558 1122 3626 peccasset

129 3651 264 3733 graviter
297 3650 490 3715 omittendo.
535 3652 619 3713 Nam
651 3650 769 3712 habens
801 3649 832 3711 in
865 3662 1023 3732 potestate
1055 3663 1120 3711 tam

167 3911 189 3953 6.
204 3911 225 3954 Α
241 3909 264 3951 in
281 3920 369 3961 marm
384 3906 525 3952 Conclusio.
606 3920 627 3966 7.
642 3910 672 3963 Α,
686 3906 771 3962 corrig.
787 3908 856 3951 uult:
871 3904 990 3950 deserunt.
1056 3917 1086 3950 ra.
1101 3907 1123 3950 Α

127 3980 172 4036 Am
187 3986 278 4023 amotos
293 3977 368 4022 deest.
463 3989 494 4033 17.
509 3976 540 4022 ll:
555 3977 642 4033 Quod:
656 3989 668 4020 e
683 3976 755 4021 deest.
839 3976 874 4022 ³3.
891 3975 935 4032 Ap
950 3974 1123 4020 reatlmcntoro.

126 4051 163 4095 26.
187 4048 246 4093 Bln
270 4048 377 4102 margine
393 4061 456 4094 man.
480 4050 532 4094 alna
556 4047 706 4102 Euangeliou
726 4046 833 4090 trondem
853 4044 970 4090 convertit
989 4043 1013 4090 ln
1032 4055 1122 4089 aarum.

126 4119 162 4164 28.
177 4130 213 4177 ²9·
232 4121 254 4163 Α
269 4122 311 4175 Ap
331 4124 354 4160 ct
373 4117 505 4163 secundum
526 4141 548 4150 -
568 4115 782 4161 dominatisslmusr
799 4115 871 4159 deest.
977 4110 1013 4157 ³0.
1029 4115 1064 4158 Λε
1085 4123 1122 4156 re·

126 4196 279 4246 pongnarset.
