3262 5226
706 673 878 727 somnms
894 675 1043 729 wrcur.
1213 655 1296 750 [car.
1313 674 1364 721 xx.

376 836 560 901 indistincte
590 834 678 898 videt
710 835 827 897 domos
857 833 924 897 cius
946 850 978 897 et
1000 835 1061 898 alia
1083 853 1281 901 ornamenta.
1306 838 1445 924 Ncc194·
1461 854 1488 907 B

375 940 597 1005 sufficeremus
629 938 675 1002 sic
703 957 840 1018 cernere,
864 938 923 1001 nisi
948 938 1032 1004 dicta
1055 941 1170 1003 mulier
1200 962 1219 1003 a
1251 962 1373 1026 sponso

376 1046 464 1131 prius
488 1045 520 1107 in
544 1042 728 1109 racionibus
751 1042 986 1126 exemplaribus
1009 1058 1042 1106 et
1064 1044 1236 1108 visceribus
1252 1045 1373 1108 miseri·

376 1150 485 1215 cordie
500 1148 541 1212 sit
556 1149 696 1211 inventa.
713 1147 806 1212 Unde
821 1162 896 1231 post
911 1148 1152 1212 conclusionem
1173 1149 1375 1232 propositam

376 1254 594 1339 supponendo
628 1252 720 1337 quod
758 1251 810 1314 illc
849 1250 969 1314 invenit
1000 1251 1082 1316 hanc
1119 1252 1286 1316 mulierem
1320 1255 1401 1338 quis

376 1359 557 1424 secundum
586 1357 788 1421 divinitatem
820 1369 868 1419 est
898 1356 1086 1438 immensus,
1109 1379 1128 1420 a
1150 1357 1241 1421 cuius
1274 1358 1376 1422 oculis

377 1462 474 1527 nichil
498 1476 697 1546 potestesse
725 1459 949 1524 absconditum
971 1474 1004 1525 et
1025 1463 1203 1525 secundum
1226 1462 1375 1525 humani·

377 1582 476 1631 tatem
492 1566 637 1631 ascendit
652 1586 749 1650 super
763 1585 879 1629 omncs
894 1566 991 1647 celos,
1007 1566 1155 1631 subditur
1174 1566 1376 1630 inventorem

377 1671 470 1735 illum
498 1670 608 1755 quoad
635 1684 784 1734 naturam
814 1682 845 1732 et
867 1669 976 1754 quoad
998 1683 1126 1753 tempus
1150 1687 1296 1755 respectu
1321 1694 1376 1756 pa-

377 1791 463 1839 trum
487 1788 633 1838 veterum
652 1795 722 1839 esse
744 1775 867 1858 pmcul‚
890 1774 973 1839 sicut
995 1789 1027 1839 et
1049 1776 1165 1840 mulier
1186 1776 1242 1839 illa
1265 1777 1377 1860 procul
1391 1807 1422 1844 ιο

386 1893 453 1944 erat
474 1878 618 1943 localiter
639 1902 658 1943 a
681 1880 797 1960 Iudeis,
819 1879 937 1964 partim
952 1877 984 1943 in
1000 1878 1069 1943 celo
1084 1881 1263 1944 secundum
1282 1902 1377 1965 ange·

382 1983 434 2048 los
456 1999 489 2048 et
510 1983 628 2066 partim
658 1984 691 2046 in
716 2000 796 2048 terra
818 1986 997 2047 secundum
1018 1999 1128 2069 gentes
1151 2005 1211 2068 pro
1233 1999 1379 2069 tempore

382 2088 486 2173 gracie
509 2090 752 2170 convertendas,
775 2090 858 2153 sicut
879 2088 992 2172 procul
1014 2103 1080 2153 erat
1101 2110 1120 2151 a
1140 2091 1209 2154 Deo
1232 2110 1290 2174 per
1311 2089 1378 2153 cul·

384 2213 470 2276 pam,
502 2213 579 2256 curn
610 2214 679 2257 noa
710 2193 750 2258 sit
781 2192 932 2277 possibile
963 2193 1138 2278 quicquam
1165 2215 1233 2259 esse
1264 2215 1284 2257 α
1309 2194 1379 2256 Deo

383 2296 558 2360 distancius
591 2318 693 2381 quam
734 2311 910 2382 peccatum.
943 2297 1073 2361 Iuventa
1105 2297 1214 2383 itaque
1247 2296 1421 2369 mulierer5

380 2400 454 2464 lorti
492 2400 677 2483 copulanda
712 2401 744 2464 in
783 2401 889 2486 primo
927 2401 1079 2486 coniugio
1116 2402 1293 2465 videndum
1333 2416 1401 2470 estl

376 2507 521 2571 secundo
551 2507 592 2569 de
619 2505 687 2569 suis
720 2506 933 2590 passionibus,
966 2521 1076 2571 utrum
1099 2507 1140 2571 sit
1163 2522 1237 2592 apta
1260 2508 1409 2576 nubere2

379 2626 471 2675 tanto
494 2627 634 2694 sponso;
662 2625 695 2675 et
722 2612 894 2694 respondet
916 2610 1006 2675 litera
1028 2627 1262 2696 consequenter
1291 2615 1379 2697 quod

168 2714 418 2802 megumde
450 2715 575 2779 ultimis
595 2715 726 2801 finibus
752 2716 901 2798 precium
934 2717 1015 2780 eius.
1049 2716 1148 2794 Quod
1180 2717 1308 2782 videtur
1336 2717 1379 2780 sic

168 2809 363 2905 clffiffssffi
379 2841 475 2903 posse
498 2819 648 2904 intelligi:
674 2841 768 2883 causa
791 2819 894 2884 finalis
917 2841 1015 2906 quare
1038 2820 1169 2885 ecclesia
1192 2837 1238 2884 cst
1266 2821 1424 2904 valida,20

176 2913 358 3009 dssfglss'fgssffgf
380 2940 416 2989 ut
440 2925 570 2989 Christo
594 2925 869 2988 matrimonialiter
884 2925 1105 3009 coniungatur,
1129 2940 1206 2989 sunt
1227 2926 1379 3008 predesti-

176 3019 218 3061 ¹¹⁸¹
231 3017 356 3073 nemum,
380 3029 533 3092 naciones
568 3050 706 3094 suorum
740 3031 969 3095 membrorum.
1008 3031 1092 3092 Nam
1130 3050 1225 3092 causa
1259 3014 1409 3093 celestis*

380 3134 581 3216 particularis
609 3134 752 3217 coniugii
782 3150 828 3198 est
857 3157 940 3219 opus
965 3134 1165 3197 meritorium
1187 3133 1326 3214 viatoris,
1350 3149 1382 3198 et

380 3258 476 3301 causa
500 3238 606 3321 operis
622 3238 776 3301 meritorii
800 3253 847 3301 est
869 3240 973 3322 gracia
991 3237 1105 3319 inlusa,
1123 3255 1154 3301 et
1170 3258 1265 3300 causa
1279 3238 1381 3321 gracie

382 3340 486 3404 infuse
515 3357 562 3405 est
590 3343 823 3425 predestinacio
851 3364 915 3426 quc
938 3343 1029 3426 quasi
1054 3342 1186 3405 ultimus
1209 3338 1281 3403 finis
1305 3342 1423 3412 citra25

383 3447 489 3509 Deum
522 3445 686 3529 dignificat
719 3446 882 3510 ecclesiam
914 3448 954 3508 ad
982 3446 1060 3508 illud
1085 3444 1283 3529 coniugium,
1307 3448 1380 3530 quia

382 3554 432 3632 (ut
468 3550 584 3613 dicitur
609 3551 825 3632 Johannis10,
860 3549 921 3632 16),
946 3551 986 3614 de
1009 3556 1079 3614 eius
1096 3549 1301 3632 plenitudine
1323 3571 1382 3615 uos

381 3677 494 3719 omues
519 3657 707 3738 accepimus
728 3659 878 3740 graciam
898 3677 964 3739 pro
987 3656 1117 3739 gracia.
1134 3655 1217 3716 Nam
1241 3676 1279 3716 ex
1303 3655 1380 3717 cari·

381 3776 446 3823 tate
462 3773 571 3822 eterna
586 3759 674 3822 dedit
690 3760 784 3823 nobis
799 3761 961 3823 caritatem
978 3759 1183 3822 subiectivam
1203 3759 1380 3820 secundum

382 3886 481 3948 quam
505 3885 582 3926 cum
607 3885 703 3948 opere
727 3863 890 3928 meritorio
907 3865 1006 3925 simus
1027 3863 1113 3946 digni
1139 3863 1189 3924 vel
1212 3861 1263 3946 (ut
1286 3861 1381 3926 habet
1392 3879 1425 3931 30

382 3969 471 4032 litera
509 3967 699 4053 Augustini)
736 3970 970 4051 preciosiorem
1013 3969 1174 4050 preciosis
1216 3965 1381 4048 lapidibus

381 4093 444 4157 que
466 4073 665 4137 eiuscemodi
687 4083 751 4153 est,·
784 4093 948 4158 cumque
972 4074 1070 4136 verbo
1094 4072 1199 4136 innuit
1222 4071 1381 4134 eiusmodi

422 4360 445 4404 7.
460 4350 482 4394 Α
497 4349 521 4393 ln
536 4361 627 4405 marg-r
641 4349 714 4395 Solus
729 4348 837 4395 Christus
852 4350 928 4406 poluit
942 4349 1013 4394 telem
1028 4349 1152 4393 mulierem
1166 4347 1252 4394 {ortem
1267 4348 1382 4402 invenire,

382 4430 430 4476 qne
443 4425 479 4463 cst
493 4430 537 4462 sar
552 4430 642 4476 sponsa
657 4421 751 4473 (above
764 4429 819 4477 ¹94·
832 4420 932 4464 without
946 4419 1013 4463 marl
1027 4417 1056 4463 ol
1067 4417 1203 4474 colerence).

428 4593 471 4648 31.
490 4596 560 4664 Aug.
578 4596 596 4647 l.
614 4610 637 4648 c.
656 4610 712 4665 cap.
733 4595 775 4649 lll.
