3262 5226
200 437 334 529 canta}
581 451 629 504 ovs
647 449 824 504 secema

89 637 116 689 Α
134 617 324 698 15⁴·douum
334 632 438 693 suum,
454 625 488 674 ut
500 606 713 672 manifestavit
723 605 912 690 Apostolus.
928 607 956 671 1·
970 606 1046 672 Cor.
1061 606 1188 687 Xll⁰,4,

201 720 307 783 dicens
337 716 425 801 quod
451 714 628 778 divisiones
653 712 851 797 graciarum
873 721 959 778 soret.
991 712 1090 775 Notet
1111 732 1187 796 ergo

205 822 304 888 fidelis
326 819 484 883 racionem
499 815 653 902 privilegii
676 828 708 879 et
728 813 847 877 videbit
870 816 958 900 quod
972 814 1189 901 principaliter

203 927 242 991 sit
264 927 296 989 in
318 923 411 988 donis
440 919 657 1007 spiritualibus
679 941 698 983 a
721 919 791 983 Deo
822 919 1025 1005 appropriate
1054 920 1188 1003 collatis,

178 1034 297 1111 sande,
320 1030 344 1093 si
366 1040 589 1113 argumentum
612 1026 731 1089 lactum
761 1038 914 1105 moveret,
935 1024 1052 1089 diceret
1078 1046 1187 1090 conse·
1199 1032 1304 1090 tamtam
1317 1038 1415 1083 mcv

202 1150 335 1222 quenter
364 1133 453 1218 quod
475 1131 564 1195 nulla
585 1144 633 1193 est
654 1130 714 1211 les,
746 1127 906 1213 possessio
933 1132 982 1193 vel
1005 1130 1187 1193 dominium
1196 1086 1416 1188 liaw‘llie'hlss'}

1215 1203 1245 1247 ep
1270 1192 1360 1288 ponly
1375 1203 1402 1239 to

205 1241 263 1304 nisi
285 1242 324 1303 de
350 1237 442 1302 bonis
464 1234 705 1320 temporalibus,
728 1233 805 1319 quia
827 1233 867 1295 de
890 1233 950 1297 illis
971 1234 1188 1320 principaliter
1206 1203 1286 1288 anal
1281 1245 1405 1302 remae

203 1347 252 1409 vel
262 1344 379 1428 precise
394 1340 535 1426 loquitur
548 1338 773 1414 communitas,
792 1337 825 1401 in
842 1352 969 1404 tantum
977 1341 1068 1425 quod
1079 1339 1189 1404 statim

204 1448 313 1513 audito
328 1449 367 1511 de
382 1446 484 1526 bonis,
498 1444 660 1529 applicant
675 1444 715 1506 ad
735 1444 848 1507 mundi
870 1443 1013 1525 divicias;
1030 1459 1063 1509 et
1077 1444 1188 1509 locuto

165 1556 243 1621 rode
259 1553 453 1638 episcopatu,
477 1548 610 1613 rectoria
623 1549 673 1611 vel
689 1547 752 1611 alio
769 1548 901 1612 nomine
915 1548 1060 1634 preludo,
1080 1549 1189 1613 statim

205 1658 363 1743 applicant
377 1657 417 1719 ad
433 1658 540 1719 dotem
558 1653 769 1737 temporalem
785 1653 916 1716 dimissa
931 1653 1188 1718 consideracione

204 1765 242 1826 de
265 1760 386 1842 olhci0;
409 1776 439 1825 et
461 1760 503 1823 ita
519 1760 558 1822 de
578 1758 655 1825 aliis.
679 1757 801 1822 Non
776 1777 821 1822 sac
844 1772 953 1822 autem
975 1759 1008 1821 in
1028 1774 1188 1843 primitiva
1197 1763 1261 1860 3¹:⁸⁶*
1268 1764 1414 1864 milii

205 1865 334 1931 eeclesia
357 1865 404 1927 vel
431 1864 584 1947 scriptura
607 1879 707 1944 sacra;
738 1862 812 1933 ideo
840 1865 1067 1948 postponendo
1090 1863 1186 1930 vicio·
1236 1829 1367 1968 ffitge

205 1994 272 2035 sain
295 1969 558 2034 consuetudinem
574 1968 727 2031 debemus
737 1966 828 2052 loqur
845 1965 1052 2031 conformiter
1073 1969 1188 2034 sanctis

166 2077 397 2145 isdoetoribus.
439 2076 512 2138 Non
546 2073 754 2157 euimreperi
779 2093 845 2135 rem
869 2072 1080 2156 inscriptura
1103 2094 1189 2138 sacra

205 2197 349 2244 vocatam
382 2181 441 2242 sub
464 2178 595 2241 nomine
622 2177 789 2261 privilegii,
810 2178 866 2240 sed
889 2179 1035 2242 doctores
1058 2194 1090 2242 et
1112 2200 1190 2243 usus

205 2286 331 2350 ecclesie
351 2300 463 2349 vocant
477 2305 549 2347 eam
564 2284 608 2348 sic
627 2281 852 2364 communiter,
868 2294 902 2345 ut
922 2297 1008 2366 patet
1022 2284 1063 2347 de
1078 2297 1190 2348 sancto

207 2390 414 2474 Evangelista,
436 2391 475 2452 de
497 2403 609 2452 sancto
632 2389 725 2452 Petro
748 2402 780 2450 et
802 2388 949 2450 Ronrana
971 2387 1112 2452 ecclesia.
1148 2389 1190 2453 Et

207 2510 290 2577 patet
324 2494 411 2579 quud
435 2493 599 2555 innitendo
633 2511 711 2574 pum
743 2494 846 2555 modo
880 2492 1033 2578 loquendi
1068 2494 1190 2575 vulgari

166 2615 293 2666 sototus
321 2613 496 2661 conventus
520 2596 637 2661 Christi
673 2617 739 2659 noa
773 2596 854 2662 foret
885 2597 1099 2681 privilegiatus
1129 2599 1191 2662 sub

209 2703 314 2787 aliquo
342 2704 451 2785 gradu,
483 2700 542 2763 nisi
571 2700 651 2763 forte
679 2699 816 2783 fingatur
844 2704 932 2786 quod
954 2702 1099 2767 Scarioth
1131 2702 1192 2768 luit

208 2807 418 2890 privilegiatus
444 2806 476 2868 in
504 2806 566 2869 hoc
589 2806 677 2890 quod
701 2806 787 2869 Deus
810 2806 951 2889 penaisit
974 2827 1049 2870 eum
1065 2821 1191 2892 portare

207 2911 339 2992 loculos,
355 2926 385 2975 et
399 2910 761 3000 sicintroductumesset
769 2909 971 2996 privilegium
982 2911 1014 2973 in
1025 2911 1190 2976 eeclesiam

207 3037 280 3079 eum
311 3015 456 3100 superbia
491 3036 529 3077 ex
560 3014 770 3078 contencione
801 3014 883 3079 circa
914 3015 1128 3081 tnaioritatem
1158 3032 1191 3082 et

166 3140 195 3189 25
208 3122 378 3185 secularem
409 3120 626 3184 obedienciam
659 3141 757 3204 quam
790 3120 936 3185 Christus
969 3121 1130 3185 nitebatur
1156 3122 1189 3186 in

207 3227 272 3290 suis
287 3228 454 3288 destruere.
479 3226 553 3288 Non
577 3245 651 3308 ergo
674 3226 917 3288 eoncedendum
932 3227 1084 3310 estquod
1101 3227 1189 3290 solus

207 3330 355 3392 dominus
376 3329 559 3413 temporalis
582 3328 802 3413 privilegiavit,
826 3327 1047 3396 edificavituel
1069 3330 1190 3395 dotavit

207 3433 379 3513 ecclesiam,
402 3454 475 3496 eum
498 3434 629 3498 ecclesia
652 3434 736 3498 cauit
759 3435 848 3518 quod
864 3433 1008 3498 Christus
1025 3434 1189 3520 privilegio

208 3535 324 3599 amoris
344 3537 520 3602 iohannem
552 3539 659 3604 dilexit
681 3539 882 3623 apostolum;
914 3552 945 3603 et
972 3538 1058 3603 idem
1082 3555 1129 3606 est
1150 3542 1190 3606 de

165 3640 347 3724 30quolibet
369 3641 518 3725 singulari
541 3645 629 3707 dono
652 3643 721 3724 Dei,
745 3658 780 3708 ut
804 3656 890 3727 patet
912 3663 949 3705 ex
971 3642 1190 3728 descriptione

207 3743 367 3829 privilegii.
384 3748 474 3812 Unde
490 3770 556 3811 non
573 3748 748 3831 expressius
763 3761 873 3831 posset
888 3746 960 3831 quis
974 3748 1141 3811 ostendere
1156 3770 1189 3812 se

207 3849 286 3911 iuste
295 3850 489 3931 perditurum
499 3852 700 3938 privilegium
710 3872 767 3936 per
778 3853 915 3914 abusum
928 3871 1028 3935 quam
1042 3853 1190 3938 negando

207 3953 322 4017 Christi
338 3955 497 4040 privilegia
522 3959 571 4020 vel
586 3956 853 4042 preponderando
873 3955 1034 4041 privilegia
1057 3970 1186 4021 terreno

243 4175 262 4221 5.
284 4179 314 4223 Α.
329 4176 352 4221 lo
367 4190 452 4235 marga
473 4177 623 4235 privilegium
637 4177 707 4223 debet
720 4190 773 4223 esse
787 4177 811 4223 ln
824 4177 895 4223 donis
908 4176 1076 4232 spiritualibus.
1096 4179 1189 4234 (Abora

206 4245 256 4299 ¹⁵⁴·
270 4246 364 4291 without
379 4246 480 4292 markos
492 4249 630 4303 reference)
717 4258 745 4293 ιι.
755 4247 830 4303 Md
843 4246 1018 4305 temporalium.
1108 4259 1142 4308 tp.
1158 4247 1188 4293 lle

205 4313 268 4370 quod
283 4315 355 4359 deest.
433 4328 468 4361 ιο.
482 4328 516 4361 ιι.
532 4316 621 4361 Besub
635 4317 751 4374 atiquo-
766 4317 926 4373 privilegiatos
943 4317 1017 4364 deest.
1106 4319 1142 4363 ab.
1156 4316 1202 4364 δι’

168 4382 174 4392 ’
206 4382 255 4426 sais
268 4383 394 4430 defervere.
499 4399 535 4444 29.
550 4388 572 4432 Α
586 4386 609 4431 lo
622 4399 711 4445 marga
726 4385 862 4433 Conclusio.
