3262 5226
303 585 313 602 ⁹
397 631 469 681 car.
483 608 550 704 vul
776 627 1022 684 nnuccffisra

285 807 313 861 N
328 808 388 863 ι5ο·
398 809 430 860 et
458 812 514 879 per
541 806 760 873 consequens,
781 785 863 850 loret
888 785 973 850 clero
1001 804 1156 868 magnum
1181 785 1397 872 'privilegium

398 899 489 986 quod
512 892 670 960 adiutorio
691 889 900 956 dominomm
923 889 1153 974 temporalium
1166 889 1256 955 -loret
1278 912 1396 956 exone·

399 1018 488 1068 ratus
514 1000 554 1064 ab
581 997 648 1061 istis
671 993 854 1060 cerimoniis
876 993 1066 1059 humanitus
1087 993 1287 1078 introductis,
1319 1016 1396 1082 pro·

401 1105 555 1192 pinquius
577 1100 743 1186 sequendo
780 1097 947 1163 Christum
969 1119 1050 1184 pure
1072 1101 1250 1165 secundum
1271 1101 1397 1187 regulas

378 1210 560 1296 sprimevas
591 1226 610 1268 a
643 1204 773 1270 Christo
805 1204 946 1270 traditas
979 1204 1015 1268 ln
1046 1204 1109 1269 hoc
1133 1205 1220 1270 enirn
1240 1206 1398 1271 habemus

372 1331 500 1398 usupra
521 1312 631 1397 laycos
654 1307 857 1395 pritilegium
880 1309 1051 1394 singulare.
1089 1310 1246 1376 Mirantur
1267 1312 1493 1421 insuperTne
1479 1324 1548 1368 rura
1557 1335 1589 1421 3

403 1417 558 1483 seculares
591 1416 761 1501 quomodo
784 1435 850 1480 non
882 1414 955 1479 licet
977 1414 1023 1479 eis
1055 1416 1292 1480 communicare
1321 1436 1399 1480 cum
1408 1377 1589 1525 fficiam&

404 1520 684 1587 excommunicato
714 1540 735 1583 a
767 1520 931 1584 sacerdote
963 1540 1024 1604 pro
1049 1534 1168 1605 questu
1190 1541 1250 1585 suo
1271 1521 1323 1584 vel
1345 1541 1398 1585 ex·
1461 1492 1589 1578 ”iwan

322 1657 326 1663 ·
405 1625 555 1690 cellencia
579 1623 723 1705 seculari,
747 1637 779 1688 et
801 1624 864 1688 hoc
879 1623 941 1689 sub
955 1644 1039 1708 pena
1054 1622 1400 1690 excommunicacionis

365 1764 397 1803 ιο
406 1730 547 1812 maioris,
580 1729 653 1794 licet
685 1742 795 1794 autern
826 1727 1067 1794 communicare
1096 1750 1174 1795 cum
1199 1729 1325 1815 gravius
1347 1750 1401 1794 ex-

406 1834 653 1900 communicatis
683 1855 703 1899 a
734 1835 804 1899 Deo
838 1833 908 1899 sine
939 1832 1111 1899 inlerencia
1137 1848 1224 1899 tante
1250 1854 1343 1920 pene,
1365 1848 1403 1901 ut

407 1953 495 2025 patet
526 1940 566 2002 de
597 1938 793 2021 simoniacis,
827 1939 866 2002 de
898 1939 1062 2004 sacerdote
1089 1937 1257 2004 fornicario
1280 1953 1311 2004 et
1334 1938 1402 2004 eius

409 2044 539 2111 amasia
570 2045 693 2109 Ymmo
720 2044 794 2109 licet
817 2043 991 2108 cardinales
1014 2057 1182 2130 tamquam
1202 2042 1330 2108 heretici
1353 2043 1405 2108 vel

410 2149 579 2215 scismatici
602 2148 666 2213 sint
686 2148 778 2212 divisi
801 2170 820 2212 a
842 2148 956 2233 capite,
972 2163 1081 2213 tamen
1097 2148 1232 2212 dicimus
1247 2147 1405 2213 seculares

369 2251 804 2334 ,sexcommunicatlssimos
827 2252 854 2316 si
876 2253 917 2316 ab
940 2251 986 2316 eis
1009 2252 1196 2318 subtrahant
1214 2251 1405 2318 elemosinas
1504 2313 1511 2326 ,

409 2379 482 2423 suas
518 2379 582 2443 que
619 2371 694 2421 sunt
729 2358 815 2422 bona
855 2377 1048 2442 pauperum,
1088 2357 1162 2423 licet
1198 2356 1406 2424 iniustissime
1440 2426 1444 2435 ,

408 2462 500 2546 peius
530 2461 728 2547 predonibus
759 2476 919 2547 occupent
942 2462 1055 2529 aliena.
1096 2462 1185 2527 licet
1214 2475 1323 2527 autem
1355 2462 1408 2549 (ut

409 2567 560 2652 inquiunt
591 2566 624 2630 in
647 2566 953 2655 westmonasterio)
985 2568 1224 2633 communicare
1250 2587 1327 2632 cum
1353 2589 1407 2633 ex·

411 2672 614 2737 comunicato
652 2674 760 2757 quoad
782 2673 889 2737 Deum
910 2671 1040 2736 racione
1066 2672 1183 2737 iniuste
1210 2671 1409 2737 derencionis

369 2811 401 2847 20
411 2777 508 2841 debiti
530 2779 581 2840 vel
604 2777 720 2841 iniuste
743 2777 912 2842 occisionis
931 2777 1082 2861 proximi,
1104 2777 1206 2843 eciam
1220 2777 1408 2848 sustinendo

412 2903 488 2946 eum
511 2881 544 2945 in
567 2902 625 2946 sua
647 2880 782 2965 malicia,
806 2883 861 2947 sed
883 2882 972 2947 laicis
993 2903 1060 2946 non
1082 2882 1156 2947 licet
1170 2880 1409 2946 communicare

413 3006 488 3050 cum
505 2986 613 3050 minus
629 2986 915 3051 excommunicatis
938 2986 979 3050 ab
1001 2986 1046 3051 eis
1069 3008 1130 3072 pro
1152 2985 1246 3050 bonis
1267 2985 1408 3050 ecclesie.
1432 3069 1440 3081 ·

412 3089 507 3154 Talia
537 3103 646 3154 autem
679 3092 780 3156 multa
815 3091 1023 3156 deliramenta
1055 3089 1222 3175 finguntur
1257 3110 1315 3176 per
1345 3110 1410 3176 que

412 3195 494 3280 layci
522 3195 718 3261 mendaciter
739 3196 935 3278 illuduntur;
958 3196 1032 3261 licet
1055 3197 1142 3261 enim
1164 3194 1313 3260 falsitates
1335 3192 1410 3259 ficte

372 3318 401 3371 25
413 3301 608 3385 quandoque
635 3313 772 3385 prosunt
794 3320 851 3385 per
881 3300 1039 3382 accidens,
1063 3299 1208 3364 subditos
1228 3321 1247 3363 a
1269 3298 1411 3364 facinore

413 3406 612 3487 deterrendo,
653 3405 736 3470 absit
772 3418 879 3468 tamen
918 3403 1127 3469 christianum
1165 3417 1275 3469 contra
1311 3401 1410 3468 fidem

413 3510 567 3594 scripture
590 3510 637 3574 uti
660 3510 728 3574 istis
751 3509 880 3574 fallaciis
903 3530 963 3593 pro
985 3509 1048 3573 hoc
1070 3508 1218 3576 fine.

353 3630 404 3686 01
457 3616 582 3679 Notum
613 3629 662 3680 est
692 3613 779 3677 enim
811 3635 848 3678 ex
876 3612 938 3677 fide
961 3613 1115 3698 scripture
1138 3613 1227 3698 quod
1250 3631 1347 3676 nemo
1369 3614 1409 3677 ad
1447 3638 1589 3689 som.

415 3720 464 3783 sui
496 3721 675 3803 dampnum
707 3719 1015 3800 excommunicatur,
1049 3717 1109 3782 nisi
1145 3717 1272 3780 racione
1303 3716 1409 3782 delicti
1419 3691 1589 3810 ”simili

385 3825 534 3909 2proprii
567 3824 864 3889 excommunicatus
898 3822 993 3887 luerit
1015 3824 1124 3908 quoad
1146 3822 1262 3886 Deum.
1286 3822 1411 3886 Notum
1444 3798 1590 3898 “““ξή,“,““.,“

415 3943 463 3994 cst
478 3930 594 3994 iterum
614 3930 704 4014 quod
730 3950 827 3993 nemo
851 3943 984 4013 propter
1006 3926 1206 4013 corporalem
1228 3925 1411 3990 communi·

417 4034 582 4099 cacionenr
604 4055 680 4098 cum
703 4032 981 4097 excommunicato
997 4031 1131 4096 incurrit
1146 4028 1333 4114 periculum,
1349 4028 1411 4095 nisi

386 4139 456 4209 nsit
479 4139 635 4225 particeps
651 4139 791 4203 criminis
815 4159 889 4202 cum
912 4139 1038 4201 eodem.
1055 4138 1097 4201 Et
1119 4148 1236 4200 notum
1250 4148 1297 4199 est
1312 4133 1410 4200 tercio

417 4247 506 4329 quod
538 4244 701 4310 inlinitum
723 4241 932 4329 periculosius
959 4255 1008 4306 est
1039 4239 1278 4307 communicare
1299 4238 1410 4324 culpe·

376 4367 407 4419 35
417 4348 520 4413 biliter
551 4368 627 4413 cum
657 4346 938 4413 excommunicato
969 4366 989 4409 a
1023 4347 1104 4427 Deo,
1139 4343 1195 4429 qui
1222 4344 1409 4408 solumex·

456 4582 481 4624 4.
495 4567 527 4614 Βι
541 4568 663 4627 sequendo
677 4568 822 4627 exemplem.
928 4578 962 4621 ¹4·
977 4565 1011 4611 Da
1025 4564 1050 4612 ln
1063 4564 1149 4624 ceplte.
1215 4599 1218 4604 .
