3262 5226
233 513 240 524 '
348 539 418 588 cn.
431 522 484 616 u]
727 543 773 596 os
792 539 968 595 nectens.
995 550 999 557 ·

237 723 266 775 Β
282 721 408 788 .55·nec
427 699 647 784 despiciamus,
670 701 725 763 sed
746 701 893 763 timentes
915 696 1096 760 senciamus
1120 694 1281 758 humiliter
1303 709 1336 760 et

349 825 495 868 amemus
524 804 724 889 generaliter;
764 820 795 868 et
835 802 944 888 quoad
981 802 1049 864 duo
1086 798 1264 884 sequentis,
1299 814 1337 862 ut

350 910 515 993 vigilemus
536 930 554 970 n
577 922 708 991 peccato
730 908 881 971 continue
906 920 938 971 et
962 905 1093 970 obviarn
1116 923 1336 988 sponsorum

348 1016 422 1078 oleo
453 1028 484 1076 et
506 1011 626 1075 lumine
655 1011 876 1075 sollicitissime
908 1031 968 1073 nos
1001 1030 1161 1095 paremus.
1200 1010 1240 1073 Et
1277 1008 1336 1073 ists

325 1116 530 1200 §ignorantia
551 1131 599 1179 est
622 1115 786 1179 rationalis
808 1129 840 1180 et
862 1114 1004 1179 salubris.
1039 1115 1114 1177 ldeo
1137 1113 1335 1198 pertinenter

348 1222 423 1285 dicit
446 1241 548 1284 carlou
571 1221 631 1282 sub
657 1220 843 1283 auctoritate
865 1218 1036 1303 Augustini
1066 1218 1193 1299 xxur,
1219 1240 1251 1304 q.
1276 1221 1335 1310 lli:

352 1328 503 1404 Quantus
525 1327 723 1409 arrogantie
737 1337 846 1388 ttnnor
869 1334 928 1404 est,
952 1333 1076 1408 quanta
1091 1324 1284 1388 inutilitatis
1305 1333 1338 1388 et
1410 1400 1413 1404 ¹

350 1431 492 1496 lenitatis
515 1429 635 1493 obliuio
658 1439 843 1512 quarataque
866 1430 1066 1513 arrogantie
1092 1428 1265 1507 iactantia,
1300 1438 1338 1491 ut

351 1538 424 1622 quis
446 1554 481 1599 se
504 1534 619 1599 credat
635 1554 735 1616 posse
746 1535 868 1620 jacere
889 1532 976 1618 qaod
998 1554 1057 1598 nec
1080 1534 1239 1618 apostolis
1260 1552 1337 1597 con·

312 1643 446 1725 roresrit
461 1640 622 1713 dotianus,
632 1650 666 1704 ut
681 1640 831 1724 {igannia
849 1638 996 1704 videlieet
1019 1659 1041 1702 a
1050 1639 1229 1725 frumento
1238 1657 1340 1722 posse

350 1766 386 1810 se
403 1755 494 1828 putet
516 1744 711 1809 discernere.

319 1862 341 1914 s
395 1851 440 1913 Ex
464 1849 530 1913 istis
554 1848 681 1912 lormati
704 1862 809 1933 potest
832 1848 904 1912 talis
926 1847 1026 1911 racio:
1049 1847 1195 1925 Quilibet
1216 1847 1337 1912 christi·
1357 1853 1554 1952 warin-¹2⁸3

126 1968 146 2049 Α
249 2039 253 2047 Ι
349 1977 429 2018 anns
459 1955 551 2017 debet
583 1953 614 2016 in
646 1952 802 2038 ambiguis
834 1950 919 2016 viam
936 1953 1137 2052 'perplexam
1158 1951 1280 2016 abicere
1307 1966 1339 2017 et
1356 1959 1398 2005 ne
1413 1970 1546 2018 sure-sy.

350 2060 433 2122 viam
468 2078 610 2122 securam
641 2059 765 2142 eligere,
789 2058 844 2121 sed
872 2057 979 2121 omnis
1006 2057 1158 2121 dominus
1182 2056 1338 2121 'secularis

311 2166 463 2227 isdotans
495 2164 544 2226 vel
575 2163 774 2249 privilegians
804 2163 969 2227 eeclesiam
991 2176 1039 2227 est
1066 2161 1253 2226 christianus
1285 2161 1336 2225 cui

350 2268 419 2332 talis
455 2269 570 2352 duplex
602 2268 652 2331 via
683 2267 861 2351 exponitur,
893 2288 968 2352 ergo
1000 2267 1096 2332 debet
1117 2265 1230 2350 eligere
1252 2266 1338 2330 viam

350 2389 482 2454 certam3
505 2374 558 2436 sed
583 2389 703 2437 certurn
727 2386 773 2437 est
795 2373 885 2457 quod
900 2373 974 2435 dure
997 2371 1189 2435 elemosinas
1210 2372 1554 2455 tempo-<illitts3‘10rsm

349 2479 429 2541 rales
460 2492 508 2541 est
541 2478 591 2540 via
613 2493 706 2557 certa,
729 2479 802 2540 dare
824 2491 932 2541 nutem
955 2475 1147 2540 elemosinas
1169 2427 1548 2561 perpetuasaiiiiii‘er‘i'e“’

1347 2488 1554 2579 anteuentuli:

349 2598 396 2646 est
430 2583 479 2645 viu
512 2582 671 2666 urttbigun,
704 2603 780 2666 ergo
811 2582 913 2664 prinnt
945 2581 995 2645 via
1023 2579 1145 2644 facilior
1167 2594 1199 2645 et
1221 2581 1341 2645 cercior

308 2703 395 2751 aoest
423 2687 576 2770 eligenda,
614 2686 755 2769 neglecta
786 2685 856 2749 alia.
890 2684 973 2763 Quis
1005 2675 1106 2770 queso
1143 2701 1340 2770 presumeret
1373 2711 1375 2715 ·

351 2793 432 2855 viam
463 2790 583 2873 eligere
615 2811 670 2875 per
701 2811 798 2875 quum
830 2789 1040 2854 verisimiliter
1070 2792 1196 2856 credere
1232 2804 1340 2875 posset

350 2899 453 2959 Deum
485 2890 659 2958 offendere?
692 2893 774 2971 Quis
804 2894 934 2979 insuper
956 2893 1081 2960 dubitat
1108 2895 1185 2981 quin
1208 2917 1246 2959 ex
1267 2917 1338 2980 per·

350 2999 537 3085 petuncione
560 2999 804 3063 elemosinarum
829 2998 1001 3063 fundantur
1023 3000 1095 3064 lites
1122 3016 1153 3064 et
1174 3000 1256 3063 belle
1284 3017 1416 3085 perena
1432 3017 1554 3064 tinans

349 3127 412 3190 qne
443 3103 638 3169 subtrahitur
670 3104 779 3187 religio
802 3103 982 3187 christiana,
1006 3103 1205 3189 originantur
1227 3104 1338 3170 utrim-
1398 3074 1520 3129 sumta

308 3217 413 3294 ssqne
440 3209 586 3293 superbia
615 3222 645 3272 et
667 3222 769 3272 cetera
792 3208 881 3289 vicia,
903 3207 937 3270 in
960 3222 1088 3273 tantum
1110 3210 1198 3295 qnod
1221 3209 1339 3273 elemo-

351 3315 485 3378 sinarius
502 3314 635 3397 insurgit
650 3315 761 3378 saltem
778 3313 987 3377 contencione
1003 3313 1215 3379 cauterizante
1231 3327 1341 3378 contra

350 3418 621 3500 elemosinantem,
644 3435 675 3483 et
699 3410 800 3506 (quod
824 3433 871 3482 est
891 3418 1080 3505 pessimum)
1104 3418 1341 3502 snrfepentibus
1372 3417 1547 3518 ffifflss

350 3523 460 3586 multis
482 3523 610 3586 discolis
632 3523 705 3587 loco
728 3524 790 3587 seri
814 3523 887 3587 cleri
912 3522 963 3586 cni
986 3523 1103 3587 donata
1123 3538 1198 3588 sunt
1215 3539 1340 3608 tempo·
1373 3523 1542 3623 moggi&

351 3628 435 3709 ralia,
463 3627 618 3712 aspiratur
645 3628 684 3690 ad
713 3642 831 3692 statum
855 3642 985 3712 propter
1007 3628 1182 3713 temporale
1205 3629 1342 3709 lucrum,

308 3735 341 3786 30
350 3747 536 3817 contempto
560 3753 635 3796 vero
657 3729 782 3797 officio?
811 3732 930 3797 Omnia
952 3748 1064 3798 autem
1086 3734 1144 3798 istu
1166 3734 1216 3797 vel
1239 3732 1340 3796 estin·

351 3851 522 3920 guerentur
541 3838 590 3900 vel
611 3837 829 3922 mitigarentur
845 3838 918 3901 data
934 3838 1111 3903 elemosina
1126 3835 1343 3922 temporaliter

351 3941 556 4026 probabiliter
589 3940 696 4025 egenis
732 3941 785 4026 qui
824 3941 957 4005 fideliter
994 3956 1180 4027 peragerent
1217 3941 1341 4005 incum-

353 4049 429 4110 bens
459 4045 681 4125 ministerium,
714 4060 744 4109 et
775 4065 841 4108 non
873 4046 944 4108 data
968 4066 1039 4110 cece
1062 4047 1102 4110 ad
1129 4049 1342 4112 securandum

391 4247 414 4287 a.
429 4231 521 4278 Coela
542 4228 689 4276 santissimo
792 4242 822 4275 n.
836 4234 860 4276 Α
881 4231 905 4276 ln
927 4243 1015 4288 marga
1036 4208 1136 4278 liscio.¹
1223 4235 1254 4282 1³.
1268 4236 1292 4279 Α
1312 4236 1337 4282 lt

352 4317 440 4361 marga
454 4304 516 4350 Nota
530 4310 612 4347 eontra
623 4300 826 4359 perpetuationem
839 4300 977 4347 elemosine.
1082 4304 1119 4349 26.
1134 4303 1165 4350 uz
1179 4303 1340 4351 eontenelose

396 4462 421 4515 ti.
440 4464 514 4516 Dect.
533 4463 563 4514 tt.
581 4479 616 4532 p,
634 4476 712 4513 esus·
730 4462 806 4523 xlll,
824 4478 851 4530 q.
873 4462 916 4528 lV,
933 4475 990 4529 esp.
1007 4460 1065 4513 XV.
