3262 5226
698 424 868 477 Jonsnms
887 424 1034 478 wrcen.
1225 404 1308 496 [cae.
1320 422 1360 468 m.

377 591 515 662 querunt
544 577 678 644 finaliter
707 600 756 644 res
792 600 981 645 communes
1018 579 1148 645 ecclesie
1187 601 1251 666 que
1287 595 1475 669 sunt137⁸Q

379 683 551 767 capitaliter
572 684 694 747 domini
716 685 788 749 lesu
812 684 942 751 Christi.
1284 773 1289 781 ⁶

159 798 181 843 tt
199 797 220 843 t·
237 796 372 853 &asem
422 788 469 852 Ex
504 787 620 872 quibus
656 790 857 856 concluditur
897 790 987 875 quod
1028 788 1246 873 periculosum
1283 787 1431 860 loretle.

158 851 531 977 {iiii'ld'islffcuiqm
553 893 721 959 christiano
744 911 875 979 propter
898 893 1017 959 fastum
1043 894 1094 957 vel
1116 906 1266 978 questum
1296 891 1360 955 sin·

182 950 354 1051 dffiltbaffl
379 996 521 1080 gularem
553 999 737 1081 pretendere
767 999 858 1083 qnod
889 998 948 1062 sibi
979 1012 1147 1083 tamqnam
1174 997 1267 1081 capiti
1290 997 1386 1067 uni-5

379 1100 504 1164 versalia
541 1102 668 1167 ecclesie
698 1102 738 1167 sit
776 1103 989 1167 necessarium
1026 1124 1139 1168 omnes
1176 1100 1362 1165 christianos

381 1202 580 1287 singulariter
608 1206 748 1289 obedire,
782 1208 906 1272 dicente
938 1208 1120 1294 Augustino
1152 1203 1221 1294 (ubi
1253 1203 1362 1290 supra)

378 1308 466 1392 quod
488 1308 617 1373 ecclesie
644 1330 710 1374 non
742 1325 863 1395 preerat
890 1311 1062 1375 Faustinus
1093 1310 1273 1395 episcopus„
1306 1309 1363 1373 sed

379 1411 458 1494 parti
478 1425 602 1497 preerat
621 1411 673 1495 (nt
695 1413 770 1479 dicit
784 1416 917 1501 epistola
933 1417 973 1478 ad
989 1411 1199 1498 Dardanum).
1217 1413 1362 1478 Christus

381 1517 581 1603 congregavit
617 1519 781 1584 ecclesiam
816 1541 908 1585 suam
946 1519 979 1583 in
1013 1539 1117 1583 unum
1152 1518 1299 1603 spiritum
1331 1532 1406 1589 etro

380 1637 482 1684 unum
517 1642 633 1708 corpus
670 1624 760 1689 cuius
797 1645 901 1689 unum
934 1638 1030 1708 caput
1061 1638 1109 1686 est
1141 1621 1294 1689 Christus.
1321 1623 1363 1686 Et

380 1724 555 1791 Bernardus
577 1748 671 1813 snper
691 1728 823 1794 Cantica
849 1749 995 1792 sermone
1021 1727 1112 1791 Xll⁰:
1153 1727 1305 1810 Quisquis
1332 1736 1363 1790 et

381 1829 518 1894 inebriat
547 1834 654 1897 verbis
683 1843 714 1898 et
735 1834 880 1919 fragrat
910 1832 1083 1916 beneficiis,
1107 1829 1127 1865 ⁴
1151 1818 1229 1895 sibi
1243 1830 1433 1917 dictum137·

375 1944 481 2015 putet:
496 1938 574 2019 quia
589 1938 724 2002 meliora
740 1948 816 2002 sunt
831 1938 932 2001 ubera
946 1947 1002 2000 tua
1019 1939 1093 2001 vino
1109 1945 1141 2000 et
1154 1935 1363 2021 fragrancia

383 2041 555 2125 unguentis
576 2043 712 2124 optimis.
749 2041 793 2104 Et
824 2041 869 2105 ad
894 2044 953 2106 bec
982 2043 1056 2125 quis
1090 2039 1251 2105 idoneus?
1284 2039 1405 2116 Quis15

382 2151 525 2207 nostrum
562 2166 662 2210 unum
694 2146 825 2210 illorum
856 2147 970 2210 saltem
1002 2147 1129 2231 integre
1155 2144 1365 2229 perfecteque

377 2249 553 2331 possideat,
576 2261 610 2313 ut
630 2251 790 2316 interdum
814 2270 879 2314 non
903 2253 937 2315 in
962 2250 1099 2315 dicendo
1114 2249 1259 2314 sterilior
1280 2258 1310 2312 et
1331 2251 1365 2313 in
1440 2323 1443 2329 ,

382 2353 548 2434 operando
579 2356 717 2439 tepidior
748 2356 814 2421 sit?
837 2355 901 2419 Sed
930 2366 979 2419 est
1007 2374 1069 2438 que
1102 2356 1216 2419 merito
1243 2364 1274 2417 et
1300 2373 1363 2417 non

372 2455 453 2541 ficte
473 2457 533 2523 boc
549 2461 702 2543 preconio
720 2460 894 2545 glorietur,
915 2458 1050 2524 ecclesia
1072 2460 1182 2543 utique
1206 2459 1260 2522 cni
1281 2478 1363 2521 nun·

382 2579 478 2643 quam
512 2563 554 2627 de
581 2565 791 2629 universitate
812 2584 874 2628 sua
897 2564 984 2628 deest
1006 2572 1037 2628 et
1060 2562 1146 2627 unde
1172 2562 1309 2627 inebriet
1336 2572 1409 2631 etan

274 2730 284 2742 ,
385 2668 469 2731 unde
489 2667 646 2753 fragret3
679 2667 765 2752 quod
794 2671 880 2732 enim
914 2668 977 2731 sibi
998 2668 1088 2732 deest
1109 2670 1142 2732 in
1166 2686 1241 2745 nno,
1270 2668 1367 2731 babet

385 2772 417 2835 in
440 2773 543 2836 altero
564 2773 739 2836 secundum
763 2792 951 2837 mensuram
976 2770 1166 2836 donacionis
1191 2772 1311 2837 Cbristi
1325 2792 1366 2836 ac

375 2859 639 2940 'moderacionem
662 2878 794 2960 spiritus
818 2875 992 2942 dividentis
1009 2878 1154 2961 singulis
1170 2887 1272 2959 prout
1286 2876 1364 2941 uult.

386 2979 534 3066 Fragrat
563 2982 701 3045 ecclesia
732 2984 765 3045 in
791 2982 855 3045 biis
876 2984 932 3065 qui
953 2981 1015 3045 sibi
1026 2980 1163 3066 faciunt
1184 2981 1305 3043 amicos
1327 2981 1367 3045 de

386 3105 537 3149 mamona
559 3086 744 3170 iniquitatis,
767 3088 909 3151 inebriat
944 3091 978 3150 in
1013 3087 1169 3149 ministris
1196 3085 1288 3148 verbi
1314 3086 1370 3168 qni
1381 3099 1412 3152 25

388 3194 460 3254 vino
482 3190 587 3254 leticie
608 3192 790 3273 spiritualis
809 3189 986 3276 insrmdunt
1008 3198 1131 3252 terram
1154 3199 1184 3252 et
1207 3188 1371 3252 inebriant

387 3314 457 3358 eam
480 3304 512 3358 et
522 3294 675 3380 fructum
692 3295 841 3380 reserum
863 3297 896 3358 in
908 3294 1091 3377 paciencia.
1105 3293 1183 3375 Ipsa
1199 3291 1369 3357 audaciter

386 3419 559 3483 secureque
581 3419 649 3464 sese
673 3401 819 3464 nominat
833 3419 1000 3481 sponsam,
1021 3408 1186 3481 tamquam
1212 3417 1371 3481 querere
1440 3438 1443 3445 ,

387 3503 480 3568 babet
509 3504 610 3567 ubera
641 3505 777 3569 meliora
811 3506 885 3568 vino
909 3523 948 3567 ac
962 3502 1169 3587 fragrancia
1199 3505 1373 3586 unguentis

431 3704 449 3737 ι.
461 3690 508 3737 ΑΒ
522 3689 547 3737 in
561 3703 647 3748 meras
662 3690 797 3736 Conclusio.
811 3693 835 3735 A
848 3689 872 3734 in
887 3702 975 3745 maras
990 3688 1023 3734 lle
1037 3689 1113 3746 capite
1128 3689 1235 3733 ecclesie.
1295 3701 1327 3733 to.
1341 3688 1372 3733 Be

389 3774 455 3807 suana
465 3763 538 3807 deest.
589 3773 620 3806 ts.
628 3761 653 3806 ln
662 3761 742 3805 codd:
749 3760 871 3805 canonica.
884 3761 906 3804 Α
915 3759 932 3804 Β
940 3759 964 3804 in
973 3771 1060 3815 maras
1071 3757 1255 3803 bernnardusn
1265 3769 1315 3813 cap.
1323 3757 1374 3801 llll.

391 3829 419 3875 si.
433 3832 455 3875 Α
469 3832 583 3888 inmarqe
598 3830 701 3877 Ecclesia
714 3843 760 3888 que
774 3838 796 3876 et
810 3830 932 3887 quomodo
947 3829 1034 3885 fragrat
1049 3827 1159 3884 ungentis
1172 3827 1268 3884 optimis
1282 3834 1304 3871 et
1313 3838 1374 3884 quo·

391 3900 463 3945 ruodo
471 3901 521 3945 elus
529 3901 601 3946 ubera
609 3909 662 3945 eant
671 3901 769 3946 meliora
778 3899 842 3944 vino.
857 3900 950 3953 (Alove-
961 3901 1007 3954 ¹37¹
1018 3898 1116 3942 without
1127 3897 1193 3942 marla
1202 3895 1230 3940 oi
1237 3895 1375 3951 reference.)

391 3969 409 4014 Β
422 3971 446 4016 ln
460 3983 547 4027 marga
567 3970 664 4014 lleliora
681 3977 735 4014 sunt
753 3970 827 4015 ubera
840 3976 881 4014 tas
895 3969 950 4013 vino
965 3977 988 4014 et
1001 3965 1134 4022 fragrancia
1150 3964 1257 4021 ungentis
1271 3963 1375 4021 optimis.

392 4038 572 4097 13.Asiraqlst.
625 4039 653 4085 ab.
667 4051 703 4096 ²9.
718 4037 809 4084 cedda
823 4038 940 4096 ungentis.
980 4049 1011 4082 er.
1026 4036 1090 4083 unde
1103 4035 1199 4090 fragret.
1213 4033 1303 4079 codes
1317 4033 1377 4078 bene

391 4109 485 4167 trsqret.
547 4108 806 4166 1ἁΑΑμΙιιὼτίοιιι

435 4286 459 4338 7.
469 4270 537 4337 Aug.
547 4269 597 4321 l.c.
607 4285 665 4338 pag.
677 4269 729 4336 340
746 4280 773 4322 et
790 4269 860 4339 Opp.
871 4267 902 4332 11,
919 4263 980 4336 67⁸.
998 4265 1048 4333 Ep.
1064 4264 1096 4317 ad
1112 4262 1191 4316 Dard.
1271 4277 1308 4314 re.
1319 4262 1380 4314 Ber·

394 4357 467 4411 nardi
485 4355 556 4427 Opp.
574 4370 634 4425 pag.
654 4355 713 4409 523.
1129 4359 1132 4366 '
