3262 5226
829 360 1016 428 'sonamus
1036 331 1183 457 wreus.
1377 350 1460 443 [can.
1473 368 1504 418 x.

519 527 638 614 eritque
659 528 804 593 remissio
827 530 920 614 plena
941 530 1037 594 debiti
1060 531 1289 613 cuiuscunque.
1314 529 1431 610 Nolite,
1455 528 1576 613 in·157·

518 632 596 715 quit,
620 633 775 720 affligere
796 636 996 701 contribules
1022 648 1158 717 vestros,
1188 635 1247 699 sed
1268 635 1378 699 timeat
1406 653 1503 698 unus·

518 739 651 823 quisque
673 738 780 801 Deum
812 758 919 803 suum.
958 739 998 803 Et
1029 739 1164 804 breviter
1200 752 1371 824 utrumque
1410 753 1503 803 testa·

519 857 664 906 mentum
686 855 818 906 testatur
839 843 1027 908 creberrime
1047 843 1296 907 misericordiam
1319 842 1504 907 iaciendum.

302 946 610 1053 Μξὲιεᾞξζῠπῦιιάο
640 946 771 1011 Mutthci
794 947 850 1030 V0,
873 969 904 1033 7,
932 949 1062 1032 quando
1086 947 1231 1012 Christus
1253 948 1380 1011 tradidit
1402 949 1530 1032 legems

351 1058 472 1113 nescitus
519 1071 620 1133 suum,
635 1049 780 1115 hortatus
795 1067 842 1116 est
855 1053 895 1114 ad
908 1051 1160 1117 misericordiam
1170 1052 1230 1116 sub
1245 1053 1376 1116 obtentu
1388 1051 1505 1115 miseri·

519 1154 623 1218 cordie
639 1157 872 1238 consequende.
896 1157 1002 1234 Beati,
1025 1156 1139 1241 inquit,
1163 1155 1404 1233 misericordes,
1428 1176 1504 1239 quo·

519 1263 606 1321 niam
643 1260 708 1343 ipsi
738 1261 1000 1325 misericordiam
1040 1273 1291 1347 consequentur.
1335 1263 1428 1325 Unde
1465 1262 1505 1323 ud

519 1362 760 1447 exprimendum
782 1364 870 1447 quod
902 1365 1119 1431 misericordia
1150 1365 1182 1429 in
1207 1387 1294 1428 novo
1316 1380 1505 1430 testamento

518 1467 609 1531 debet
623 1467 772 1532 excellere
793 1469 869 1533 dicit
883 1468 1046 1554 discipulis
1061 1470 1192 1535 Matthei
1210 1472 1278 1552 lX0,
1307 1473 1357 1535 13:
1382 1471 1505 1534 Euntes
1519 1502 1549 1539 ro

519 1572 630 1637 discite
661 1572 739 1658 quid
760 1584 825 1638 est:
856 1574 1121 1640 Misericordiam
1151 1577 1224 1640 volo
1250 1587 1282 1641 et
1309 1566 1385 1640 uon'
1401 1577 1505 1640 sacri·

509 1676 637 1760 ficium.
676 1679 716 1742 Et
743 1699 838 1763 super
861 1679 975 1743 talibus
999 1679 1111 1744 lundut
1132 1702 1166 1745 se
1188 1683 1298 1744 beatus
1321 1681 1504 1763 Gregorius,

519 1803 680 1867 exponens
706 1782 784 1845 illud
812 1785 941 1848 Murthei
965 1785 1080 1867 xx110,
1105 1804 1134 1867 2,
1173 1786 1285 1850 Simile
1297 1786 1430 1872 sactrun
1460 1795 1505 1848 est

519 1907 656 1972 reguum
679 1890 824 1952 celorum
851 1891 975 1953 lroruini
997 1893 1070 1975 regi
1091 1893 1148 1974 qui
1159 1891 1249 1975 serit
1275 1893 1412 1973 nupcias
1423 1889 1501 1973 filio

518 2013 587 2072 suo,
609 2007 640 2057 et
659 1993 790 2078 ponitur
804 1995 835 2056 in
856 2015 979 2058 canone
999 1996 1124 2074 xxrw,
1147 2018 1179 2080 q.
1197 1997 1253 2060 lV:
1279 1996 1361 2059 Cum
1379 1997 1412 2059 iu
1429 1996 1502 2079 lege
1518 2011 1547 2064 ι5

518 2100 673 2182 scriptum
690 2097 777 2178 *sit,
800 2100 919 2184 diliges
942 2102 1081 2163 amicum
1105 2112 1195 2164 tuum
1220 2113 1250 2163 et
1272 2100 1345 2163 odio
1372 2101 1576 2182 tenetisne

519 2205 682 2267 inimicum
706 2215 809 2287 tuum,
842 2216 975 2288 accepta
1002 2216 1079 2268 tuuc
1106 2206 1251 2280 licencia,
1283 2226 1355 2268 curn
1384 2209 1503 2269 iustum

509 2309 619 2394 suerit
652 2320 686 2374 ut
715 2311 778 2372 Dei
813 2329 953 2392 suosque
985 2306 1197 2373 aduersarios
1229 2322 1350 2393 quanta
1372 2319 1507 2392 possent

521 2416 633 2478 uirtute
657 2417 918 2496 comprimerent,
943 2434 1061 2496 eosque
1084 2417 1118 2479 iu
1142 2434 1200 2477 ore
1221 2414 1328 2499 gladii
1340 2415 1507 2499 ferirent,

521 2518 606 2602 quod
629 2520 660 2581 in
685 2540 767 2582 nouo
784 2521 906 2602 procul
932 2521 1030 2582 dubio
1061 2530 1250 2584 testamento
1278 2521 1505 2601 compescitur,
1518 2550 1550 2587 20

503 2606 591 2687 'cum
610 2645 676 2707 per
695 2628 899 2707 semetipsam
918 2627 1039 2688 ueritas
1050 2624 1200 2707 predicet
1220 2625 1347 2688 dicens:
1371 2625 1508 2708 Diligite

522 2730 667 2792 inimicos
692 2741 826 2807 uestros,
850 2727 1033 2813 benefacite
1049 2730 1112 2792 liiis
1136 2731 1192 2812 qui
1214 2729 1355 2792 oderunt
1377 2747 1442 2791 uos.
1467 2728 1508 2790 Et

522 2847 594 2917 post
615 2854 776 2916 exponens
800 2833 876 2895 illud
901 2834 1071 2915 evangelii:
1110 2834 1234 2897 lirauri
1257 2837 1321 2897 mei
1342 2844 1373 2897 et
1401 2833 1507 2895 altilia

521 2941 626 3002 occisa
635 2950 721 3013 sunt,
734 2941 837 3001 uenite
848 2937 892 2999 ad
901 2939 1049 3021 nupcias.
1066 2937 1164 3013 Quid,
1178 2937 1292 3022 inquit,
1299 2959 1363 3020 per
1374 2939 1508 3001 thauros

522 3045 585 3106 nisi
608 3046 725 3107 veteris
748 3046 931 3106 testamenti
949 3054 1066 3125 patres
1093 3043 1279 3126 signantur.
1321 3045 1404 3105 Nam
1429 3042 1505 3103 dum
1518 3058 1550 3109 25

521 3168 562 3209 er
598 3150 815 3231 permissione
847 3150 931 3232 legis
967 3157 1189 3229 acceperant,¹
1206 3151 1358 3230 quatinus
1392 3148 1505 3210 adver·

522 3256 629 3316 sarias
643 3273 720 3316 suos
735 3253 799 3316 odii
814 3253 1034 3316 retribucione
1045 3262 1265 3335 percuterent,
1283 3263 1317 3314 ut
1332 3254 1376 3314 ita
1389 3252 1507 3328 dicam,

522 3357 600 3441 quid
630 3359 727 3437 aliud
754 3378 850 3440 quam
885 3360 996 3420 thauri
1023 3366 1128 3430 eraut,
1164 3358 1221 3438 qui
1255 3357 1400 3420 inimicos
1432 3375 1508 3442 suos

522 3482 622 3525 cornu
656 3465 783 3525 virtutis
811 3483 965 3543 corporee
982 3462 1183 3546 feriebant?
1223 3460 1308 3538 Quid
1334 3463 1417 3522 euim
1442 3481 1508 3543 per

522 3568 624 3629 altilia
641 3569 705 3629 nisi
722 3579 835 3650 patres
852 3569 927 3629 riou
941 3569 1125 3631 testamenti
1137 3566 1338 3650 figurantur
1361 3566 1506 3649 quidum
1520 3581 1551 3632 30

521 3674 670 3754 graciam
704 3674 828 3734 interne
856 3672 1068 3755 pinguedinis
1097 3673 1285 3753 percipiunt
1316 3691 1337 3731 a
1369 3671 1509 3732 terrenis

562 3905 594 3949 ις.
617 3895 738 3937 Lecturam
760 3893 784 3937 in
809 3905 850 3937 ore
869 3892 1089 3948 liebetGrsrienus,
1120 3901 1145 3936 ur
1166 3893 1272 3937 meminit
1297 3892 1373 3936 Editio
1388 3889 1508 3943 ileurinn

524 3961 620 4019 Gregor⁴
637 3962 708 4007 llum.
723 3961 853 4006 xxxvttt:
868 3964 917 4007 iure
928 3965 1008 4018 gladii.
1089 3963 1125 4006 ed.
1145 3963 1175 4005 lie
1186 3964 1352 4019 promissione.
1435 3960 1468 4006 3¹.
1483 3959 1508 4005 lu

523 4032 590 4076 codd.
601 4033 686 4076 eremis
697 4032 827 4077 desideriis.
842 4031 942 4078 Corresi
953 4048 965 4077 e
976 4032 1078 4090 Gregor.
1092 4035 1107 4076 1.
1123 4043 1146 4076 c.

570 4228 606 4262 ιι.
625 4212 724 4261 Homil.
744 4212 888 4264 xxxviii.
914 4213 1047 4264 instanti.
1065 4213 1137 4280 Opp.
1161 4224 1217 4262 tom
1237 4213 1255 4263 l.
1282 4229 1342 4282 pag.
1373 4209 1439 4264 1636
1456 4209 1509 4262 rid.

525 4297 597 4349 Decr.
612 4300 641 4351 ll.
660 4314 729 4368 pere,
747 4315 827 4350 crura
844 4299 937 4363 lllllll,
955 4315 982 4368 q.
1001 4318 1027 4366 4,
1044 4314 1101 4369 cap
1119 4299 1187 4352 XVI.
1284 4332 1288 4339 ·
