3262 5226
60 338 63 343 .
157 363 203 427 8⁰
711 373 882 427 tonsuras
901 373 1049 426 rvrctrr.
1237 351 1369 443 [manv.

200 543 333 609 optentu
424 533 469 594 Ex
490 531 555 595 istis
577 530 701 594 videtur
721 531 807 614 quod
825 528 970 594 Christus
992 524 1119 612 semper
1141 527 1244 612 diligit
1266 525 1366 591 totam
1380 538 1440 612 139⁸
1453 542 1482 596 n

175 596 540 746 ffie'aiiii‘ecclegiam
562 648 599 699 ut
621 654 653 697 se
675 634 791 716 ipsum,
815 633 891 718 quia
913 633 1087 719 aliquando
1102 631 1147 696 sie
1166 630 1284 714 diliget,
1306 629 1366 693 sei-

156 702 338 799 ”diff
378 739 450 804 lieet
470 753 543 823 post
564 738 649 802 diem
671 736 788 818 iudicii,
821 738 952 823 quando
978 736 1122 822 regnabit
1144 756 1222 799 cum
1249 755 1287 798 eo
1316 732 1367 819 (ut

378 858 465 928 patet
490 865 526 907 ex
553 862 704 928 processu
734 841 856 907 Cantici
881 838 1116 927 Canticorum).
1154 840 1255 905 Aliter
1281 838 1368 903 enim

377 969 443 1012 non
472 946 551 1011 loret
578 967 690 1011 verum
720 946 965 1011 matrimonium
993 969 1031 1010 ex
1059 945 1187 1011 caritate
1214 958 1393 1029 perpetua5

378 1050 490 1116 Christi
515 1049 746 1116 consencientis
761 1050 809 1113 ad
832 1050 955 1114 divinas
977 1051 1123 1136 nupcias,
1147 1049 1207 1112 nisi
1231 1068 1368 1134 sponsus

376 1151 500 1241 qui⁸est
524 1176 588 1220 una
610 1175 748 1240 persona
769 1174 846 1218 cum
868 1177 987 1239 sponsa
1011 1155 1116 1239 ipsam
1139 1155 1249 1239 diligat
1275 1167 1312 1219 ut
1334 1174 1368 1216 se

376 1260 492 1344 ipsum.
508 1261 677 1345 Exemplar
689 1257 776 1322 enim
787 1273 915 1343 oportet
927 1259 1042 1323 habere
1054 1279 1222 1323 summum
1233 1258 1368 1341 gradum

376 1364 656 1445 denominacionis,
678 1383 776 1449 quam
792 1350 977 1448 exemplatis
992 1364 1222 1445 communicat,
1245 1376 1276 1427 et
1293 1361 1369 1426 hinc

378 1470 492 1554 Ephes.
514 1470 569 1551 νο,
610 1470 659 1550 25,
700 1468 752 1550 28,
791 1467 921 1532 dicitur:
968 1468 1038 1533 Vtri
1081 1469 1208 1553 diligite
1246 1486 1368 1531 uxores
1380 1494 1411 1532 ιο

379 1585 513 1652 vestras,
536 1575 619 1638 sicut
633 1572 784 1636 Christus
800 1570 914 1637 dilexit
929 1572 1098 1637 ecclesiam
1114 1573 1365 1656 etsemetipsum

376 1678 513 1741 tradidit
528 1697 594 1760 pro
615 1697 666 1754 ea,
690 1686 725 1740 ut
745 1696 816 1740 earn
833 1677 1066 1762 sanctificaret,
1093 1676 1259 1742 mundans
1274 1679 1365 1742 illam

377 1783 507 1846 lavacro
529 1801 612 1866 aque
633 1783 666 1845 in
690 1781 788 1844 verbo
812 1784 886 1863 vile,
910 1793 943 1846 ut
966 1784 1036 1866 ipse
1057 1783 1225 1847 exhiberet
1239 1784 1363 1867 glorio·
1434 1803 1438 1809 ·

377 1905 446 1949 sam
462 1887 640 1968 ecclesiam,
656 1905 721 1950 non
738 1886 905 1951 labentem
923 1889 1084 1951 irtactrlam
1102 1898 1159 1950 atet
1173 1907 1293 1970 rugam
1310 1897 1367 1950 out

379 1992 505 2075 aliquid
526 1990 722 2071 huiusmodi,
746 2003 779 2056 ut
802 1994 844 2056 sit
866 2002 983 2056 sancto
1006 2003 1037 2056 et
1067 1992 1289 2056 immaculata.
1313 1991 1365 2056 Ita
1379 2001 1409 2054 15

378 2106 408 2159 et
431 2095 496 2160 viri
515 2095 630 2159 debent
649 2095 789 2181 diligere
813 2116 937 2160 uxores
959 2116 1039 2160 suas
1068 2107 1103 2160 ut
1125 2115 1269 2178 corpora
1292 2115 1365 2160 sua.

380 2199 426 2263 Ex
452 2200 510 2263 ista
537 2198 599 2263 lide
628 2200 780 2284 scripture
808 2201 846 2263 de
869 2214 977 2263 sancta
1000 2212 1101 2263 matre
1124 2199 1259 2264 ecclesia
1280 2214 1367 2284 patet

379 2324 452 2367 cum
475 2303 559 2366 dicto
581 2304 747 2367 correlario
768 2305 857 2388 quod
872 2304 967 2368 debet
981 2324 1107 2388 semper
1119 2304 1249 2388 diligere
1265 2318 1366 2369 totam

379 2423 518 2473 sanctam
546 2408 709 2473 ecclesiam
736 2408 816 2473 sicut
845 2409 954 2493 diliget
976 2422 1050 2493 post
1073 2408 1158 2471 diem
1181 2408 1303 2490 iudicii;
1336 2423 1365 2474 et

379 2534 435 2597 per
459 2513 544 2576 idem
570 2533 693 2596 semper
722 2513 789 2578 odit
816 2534 1043 2599 quemcunque
1066 2503 1252 2597 prescitum,
1284 2514 1412 2577 sicutne

273 2696 283 2711 ·
380 2638 521 2703 unquam
541 2631 615 2702 post
637 2617 723 2680 diem
745 2617 861 2681 iudicii.
886 2617 972 2682 Cum
991 2617 1079 2682 enim
1095 2617 1181 2680 Deus
1198 2618 1291 2702 plene
1307 2617 1364 2682 scit

379 2722 505 2806 qualern
528 2719 623 2785 finem
644 2722 829 2806 quicunque
852 2721 1006 2806 prescitos
1030 2742 1106 2785 cum
1129 2720 1202 2805 ipso
1226 2721 1317 2786 faciet
1332 2737 1365 2787 et

379 2813 531 2908 quantam
553 2824 805 2909 penitenciam*
827 2841 921 2910 agent
948 2825 1133 2909 quicunque
1161 2826 1362 2909 predestinati
1376 2833 1435 2902 ¹39⁸

380 2929 490 3011 casuri,
524 2930 733 3014 postmodum
763 2945 919 3014 perpetuo
942 2929 1000 2993 Dei
1032 2929 1123 3013 grati,
1156 2942 1245 3012 patet
1275 2931 1363 3013 quod

381 3033 552 3096 necessario
601 3054 733 3097 omnem
768 3035 1023 3118 predestinatum
1077 3040 1406 3118 quantumcunqueas

379 3137 564 3201 criminosus
580 3136 672 3201 fucrit
698 3137 772 3221 plus
788 3139 900 3221 diligit,
917 3160 1016 3223 quarn
1034 3139 1176 3223 aliquem
1194 3139 1366 3222 prescitum

378 3242 410 3305 in
434 3258 675 3327 quantacunque
695 3244 798 3326 gracia
814 3243 909 3307 luerit
923 3243 1104 3327 temporali,
1128 3243 1203 3328 quia
1226 3244 1365 3327 primum

378 3348 552 3411 eternaliter
582 3348 650 3410 vult
680 3347 794 3411 habere
824 3348 1054 3411 beatitudinem
1079 3363 1109 3412 et
1132 3348 1230 3410 aliurn
1260 3349 1365 3432 ignem

378 3467 575 3536 perpetuum.
599 3453 750 3516 Testatur
770 3467 878 3516 autem
901 3452 1057 3535 scriptura
1080 3453 1167 3536 quod
1188 3454 1274 3515 Deus
1295 3454 1364 3517 odit

377 3571 568 3640 peccatores,
602 3570 638 3619 ut
670 3570 759 3640 patet
790 3557 919 3619 Psalmo
946 3558 1001 3639 V0,
1040 3573 1075 3641 7:
1117 3557 1222 3621 Odisti
1253 3563 1409 3620 omnes3o

378 3663 434 3745 qui
456 3672 634 3745 operantur
655 3663 867 3745 iniquitatem.

182 3795 352 3859 &Obiecuonz
422 3766 482 3830 Sed
513 3769 614 3832 adhuc
644 3768 777 3831 instatur
808 3768 924 3851 quinto
949 3789 1004 3851 per
1027 3771 1091 3833 hoc
1116 3769 1204 3854 quod
1224 3789 1289 3831 non
1310 3789 1387 3842 err-1

161 3850 485 3959 Qfflfflelpresse
508 3871 633 3936 fulcitur
654 3872 714 3936 ista
737 3873 896 3936 sentencia
920 3892 957 3934 ex
979 3873 1164 3937 testimonio
1180 3886 1363 3936 sanctorum

162 3955 210 4052 rid
224 3955 370 4052 mm,
380 3977 548 4040 doctorum
575 3978 623 4040 vel
654 3991 741 4041 textu
778 3976 854 4041 iuris
881 3977 1036 4060 canonici,
1072 3978 1139 4041 imo
1168 3976 1298 4060 fingitur
1324 3979 1364 4039 ad

424 4192 443 4224 ι.
453 4180 475 4224 Α
488 4180 511 4224 ln
526 4191 609 4235 mara:
625 4180 732 4227 Christus
747 4182 820 4238 diligit
832 4190 906 4228 totam
918 4181 1044 4227 ecclesiam
1056 4181 1124 4226 sicud
1134 4194 1159 4227 se
1169 4181 1256 4239 ipsum.
1302 4180 1365 4239 plis

380 4249 526 4306 exemplaris.
630 4253 700 4305 apa
716 4253 741 4297 in
755 4265 841 4309 rna-ga
858 4250 994 4298 Conclusio.
1093 4263 1131 4308 29.
1145 4252 1176 4296 lta
1191 4249 1303 4298 Testatur
1317 4259 1364 4297 aut,

314 4318 318 4325 ’
380 4317 412 4364 3².
423 4321 445 4365 Α
455 4318 478 4364 ia
489 4331 575 4376 marga
590 4319 678 4376 Quinta
690 4319 805 4367 obiectio.
