3262 5226
293 478 363 526 CAl'.
379 463 444 555 ltu]
674 481 721 534 DE
740 481 919 534 ecclesie.
1439 470 1501 551 341

187 656 203 709 1
225 641 335 724 176·ed
358 661 464 724 regem
479 638 618 724 pertinet
633 658 826 721 cognoscere
842 640 931 723 quod
946 637 1183 702 elemosinarius
1208 660 1284 704 suus
1308 653 1487 766 “wlff

292 744 377 807 vivet
400 742 594 823 clericaliter,
618 755 687 805 tum
711 743 787 828 quia
818 744 879 806 sub
910 744 963 807 illa
989 742 1176 807 condicione
1210 757 1284 808 sunt
1300 757 1360 820 doeg
1374 767 1417 822 ope
1428 772 1502 806 eom

290 847 462 912 elemosine
486 847 546 912 sibi
568 847 651 929 date,
674 861 745 911 tum
768 846 870 911 eciam
899 848 973 932 quia
998 848 1220 929 degenerando
1244 847 1285 911 nb
1320 811 1411 961 rllssr'
1422 814 1481 921 Q·

291 951 349 1017 ista
372 952 435 1016 vita
458 951 539 1016 loret
563 965 745 1015 monstrum
760 952 900 1016 maxime
914 951 1088 1036 proditorie
1112 950 1229 1015 faciens
1244 953 1285 1017 ad
1346 928 1459 973 uuam

264 1055 544 1127 sdestrueeionem
560 1056 658 1140 regni,
674 1071 705 1120 er
725 1077 782 1141 per
803 1076 1002 1141 consequens
1024 1055 1186 1119 incurrens
1206 1076 1282 1120 con·
1369 1128 1372 1132 ⁴

290 1174 451 1244 temptum
475 1159 556 1245 regis
578 1161 812 1244 gravissimum.
859 1162 934 1225 ldeo
956 1161 1042 1224 idem
1065 1160 1146 1225 toret
1177 1180 1283 1224 cecere

289 1285 399 1349 regem
422 1279 453 1329 et
485 1284 622 1349 regnum
655 1286 713 1350 per
745 1266 844 1330 istum
876 1266 987 1330 lucum
1009 1264 1222 1349 sophisticum
1252 1279 1284 1329 et

288 1368 391 1433 dicere
414 1369 475 1432 illis
507 1371 597 1456 quod
629 1392 694 1434 non
727 1372 862 1456 pertinet
898 1371 943 1434 eis
977 1390 1169 1455 cognoscere
1206 1369 1284 1455 quid

288 1469 371 1537 loret
393 1475 486 1539 soluti
510 1473 616 1538 anime
633 1496 747 1540 eorum
770 1489 801 1539 et
815 1473 1041 1559 gubemacioni
1065 1474 1152 1559 regni
1174 1494 1283 1540 neces·

246 1579 416 1645 rosarium
466 1580 507 1644 Et
539 1600 644 1644 revera
681 1580 865 1665 quicunque
901 1580 962 1644 hoc
998 1579 1187 1665 imposuerit
1216 1578 1284 1663 regi

287 1697 409 1765 nostro,
432 1683 573 1769 imponit
596 1684 653 1747 sibi
679 1682 833 1768 implicite
856 1684 945 1769 quod
961 1685 1083 1749 nonsit
1106 1684 1219 1748 habilis
1242 1684 1282 1747 ud

287 1789 499 1873 regnandum.
524 1791 593 1853 Rex
616 1809 693 1872 ergo
716 1802 842 1853 tenetur
878 1789 955 1853 scire
978 1811 1090 1874 perse
1113 1789 1162 1852 vel
1185 1801 1506 1862 suumbuuettingu

286 1892 489 1958 executivum
512 1892 684 1957 consilium
712 1892 789 1977 quid
812 1909 952 1978 vergeret
979 1893 1019 1956 ad
1050 1894 1100 1957 sui
1131 1914 1166 1956 ac
1194 1892 1281 1977 regni
1291 1853 1506 2003 Yiiirffim

285 1999 390 2064 maius
413 1999 604 2082 periculum,
636 2000 724 2084 quod
755 1997 888 2062 indubie
921 1996 1002 2062 ioret
1025 1997 1159 2061 omissio
1182 1997 1279 2061 corri-
1316 1963 1499 2068 'ildariam‘

245 2114 275 2168 r5
285 2106 381 2192 gendi
398 2104 474 2191 quie
489 2103 668 2168 secundum
684 2104 815 2167 beatum
827 2102 1018 2187 Gregorium
1034 2116 1066 2167 et
1080 2103 1166 2184 leges
1183 2113 1280 2186 quot·

285 2210 377 2275 libet:
405 2209 471 2286 Qut
494 2206 670 2273 emendare
688 2219 799 2293 potest
821 2219 853 2272 et
875 2207 1017 2292 negligit
1038 2207 1159 2291 absque
1182 2205 1281 2270 dubio

280 2315 480 2399 participem
505 2313 617 2377 delicti
636 2333 672 2377 se
686 2314 792 2397 ipsum
809 2314 980 2378 constituit.
1002 2311 1191 2376 Consideret
1206 2331 1281 2395 ergo

286 2422 326 2484 de
348 2419 422 2484 cleri
445 2417 579 2481 crimine
611 2437 664 2482 rex
696 2417 746 2481 vel
779 2439 876 2481 suum
907 2416 1078 2482 consilium
1104 2416 1282 2480 secundum

286 2525 448 2590 racionem
467 2543 532 2608 que
553 2537 600 2587 est
616 2522 715 2606 ipsius
732 2522 820 2607 regni
844 2523 935 2586 cuius
957 2542 1010 2585 rex
1025 2522 1147 2606 occepit
1164 2520 1280 2607 guber·

242 2631 399 2696 senacula
423 2627 664 2711 destructivum,
687 2628 769 2692 sicut
792 2629 886 2691 docet
918 2628 1029 2690 beatus
1052 2625 1225 2711 Gregorius
1246 2623 1280 2687 in

285 2733 432 2818 Registro
455 2732 509 2796 lib.
536 2731 608 2813 Xl0,
640 2752 708 2816 cap.
731 2732 852 2795 XXlX⁰
876 2732 926 2819 (ut
952 2730 1097 2816 superius
1122 2726 1280 2817 allegavi).

261 2821 295 2901 1Ι
329 2836 550 2904 Confirmatur
571 2836 745 2921 tripliciter,
773 2836 880 2920 primo
908 2856 963 2919 per
984 2835 1047 2899 hoc
1079 2834 1167 2920 quod
1193 2833 1280 2897 iuxta

284 2946 448 3008 decretum
457 2941 542 3006 beati
552 2941 695 3026 Gregorii
708 2941 850 3026 positum
860 2931 1281 3026 Xl¹,q.lll⁸‚Privilegiurn:
1302 2953 1494 3008 eunomium

283 3048 498 3132 Privilegium
514 3048 646 3110 omnino
668 3047 762 3111 debet
784 3048 932 3111 amittere
955 3046 1010 3129 qui
1031 3045 1094 3109 sibi
1110 3007 1503 3160 permista'iryiiriffii‘i'u*

240 3153 433 3217 25abutitur
449 3160 620 3235 potestate.
654 3151 716 3215 Sed
749 3151 855 3214 omnis
889 3149 1018 3213 clericus
1049 3151 1184 3213 abutens
1216 3149 1278 3212 ele·
1302 3124 1356 3212 ⁰ro⁸
1374 3117 1489 3218 cliiii*

284 3255 417 3321 mosinis
449 3256 532 3340 regis
565 3255 622 3319 sibi
655 3254 810 3341 permissa
841 3255 982 3319 abutitur
1003 3266 1170 3338 potestate,
1203 3274 1279 3318 cum

283 3381 360 3446 ergo
383 3359 436 3423 ille
460 3360 589 3425 dotacio
611 3361 650 3424 sit
673 3359 886 3444 privilegium,
920 3359 1063 3445 sequitur
1090 3360 1177 3445 quod
1201 3359 1278 3422 illud

284 3464 420 3529 omnino
443 3464 538 3529 debet
559 3465 714 3530 amittere.
738 3465 801 3530 Sed
824 3485 881 3549 per
903 3485 1001 3551 quem
1023 3464 1082 3528 nisi
1098 3484 1155 3548 per
1170 3484 1279 3547 regem

284 3564 557 3654 privilegiuntem?
578 3569 666 3633 lllius
688 3568 776 3633 enim
798 3585 845 3634 est
861 3569 1063 3655 privilegium
1082 3567 1277 3652 interpretari

239 3679 274 3734 ³0
284 3687 315 3737 et
337 3670 506 3737 defendere
529 3673 621 3738 cuius
643 3688 691 3740 est
713 3675 860 3740 condere.
906 3672 1123 3738 Confirmatur
1152 3692 1190 3736 ex
1221 3671 1278 3735 illo

283 3776 426 3862 Metthei,
436 3776 526 3841 Xlll⁰
542 3794 595 3843 12:
614 3778 713 3844 Omni
726 3779 861 3843 babenti
874 3777 1005 3843 dabitur
1019 3789 1051 3843 et
1065 3776 1278 3859 habundebit,

321 3963 343 4009 5.
357 3961 389 4008 Be
404 3961 590 4009 detrreeloneru.
695 3976 727 4009 ro.
744 3964 775 4009 Β*
798 3963 844 4009 boc
859 3963 967 4021 lmponit.
1074 3965 1106 4009 ¹8.
1121 3962 1276 4020 btnmergn
1348 3963 1353 3971 “

280 4031 344 4080 Note
358 4032 481 4090 quomodo
491 4044 533 4078 rex
546 4032 677 4078 seeundum
688 4031 832 4089 Gregorium
847 4031 917 4077 hebet
926 4030 1040 4077 interesse
1050 4034 1079 4078 nd
1089 4032 1194 4079 detectus
1207 4032 1275 4079 eleri-

281 4114 364 4148 oorum
377 4101 541 4159 corrigendos.
569 4105 592 4148 A
606 4102 630 4147 ln
645 4114 733 4159 merga
752 4101 891 4160 Gregorius.
996 4113 1031 4148 ee.
1050 4102 1111 4149 Alo
1126 4114 1213 4159 merge
1229 4102 1277 4148 ltex

282 4177 372 4229 peceat,
386 4171 407 4216 el
422 4183 468 4216 noo
483 4171 581 4229 corrigit
589 4171 705 4222 ,clericum
720 4171 857 4217 elemoslnle
875 4172 1009 4218 ebutentem
1024 4172 1113 4228 (Belou
1127 4172 1165 4229 r76
1175 4171 1275 4218 erltbout

282 4241 349 4288 ruer&
363 4239 392 4286 ot
403 4238 542 4296 reference).
648 4241 684 4286 28.
699 4244 722 4287 A
735 4240 760 4286 ln
775 4252 863 4299 merga
878 4240 976 4300 Triplex
988 4241 1149 4289 confirmeelo.

327 4415 369 4453 ee.
386 4410 414 4453 et
432 4398 474 4453 25.
492 4399 552 4451 llus
569 4399 587 4452 l.
605 4414 628 4453 c.
646 4398 693 4454 rot
710 4399 837 4454 exitur.
