3262 5226
596 432 767 486 tonsurus
784 432 933 485 wrctrr.
1151 411 1265 504 [cunr

279 608 311 658 et
333 593 474 675 ecclesia,
496 605 526 656 et
548 610 606 675 per
620 608 829 674 consequens,
851 588 884 652 in
898 588 1004 674 primo
1019 587 1170 674 spirituali
1186 609 1336 681 con-129·
1351 609 1369 664 1

280 698 377 783 logio.
401 696 484 762 Solis
516 694 604 759 enirn
626 714 664 758 ex
687 694 748 757 deo
780 693 824 757 sic
847 693 929 757 natis
959 693 1044 757 dedit
1073 705 1266 778 potestatem

280 800 363 866 filios
385 801 437 866 dei
459 800 535 883 lieri,
558 813 591 864 et
620 819 680 884 per
701 817 910 882 consequens,
932 796 1019 861 iuxta
1040 810 1265 881 argumentum

278 905 415 990 apostoli
438 904 617 970 coheredes.

47 1023 270 1121 cffinbuik‘
322 1008 450 1092 ltenrm,
472 1009 554 1074 sicut
575 1021 664 1073 extra
686 1026 801 1071 navem
815 1006 886 1070 Noe
908 1025 974 1068 non
997 1005 1145 1070 remansit
1166 1005 1294 1082 bertier,

278 1112 395 1178 salvata
410 1115 444 1177 in
465 1112 601 1178 diluvio:
623 1113 669 1178 sic
691 1125 777 1176 extra
800 1130 913 1174 navem
936 1109 1063 1174 ecclesie
1085 1130 1152 1175 non
1171 1124 1266 1175 restat

278 1214 377 1281 homo
400 1217 568 1283 salvandus
589 1230 664 1302 post
686 1214 846 1301 spirituale
868 1212 1077 1299 naulrugium.

62 1338 124 1384 Tne
137 1340 260 1401 mne
319 1321 450 1403 lterum,
470 1321 552 1387 sicut
573 1321 756 1385 membrum
778 1338 845 1381 non
865 1316 945 1384 vivit
959 1318 1132 1403 prescisum
1153 1340 1173 1383 a
1194 1338 1292 1395 cor-0

52 1392 371 1510 modiiissbini'pore:
394 1425 439 1490 sic
461 1445 519 1490 nec
542 1437 654 1487 natura
676 1423 818 1488 humana
839 1442 896 1507 per
910 1421 1170 1507 reprobacionem
1191 1442 1263 1508 pre·

134 1497 205 1554 ⁶⁰⁴¹·
240 1594 242 1597 ,
278 1528 341 1592 ea
370 1551 390 1593 ι
422 1529 533 1614 capite.
571 1529 613 1593 nt
649 1528 688 1592 ae
720 1527 781 1591 noc
818 1539 893 1591 sunt
922 1526 1079 1611 quotlibet
1107 1527 1202 1612 rege,
1228 1539 1308 1602 ut..
1425 1617 1427 1621 Α

278 1634 403 1716 ΧΧ111·,
425 1656 456 1719 q.
478 1633 561 1715 vlu,
583 1633 643 1696 sub
665 1631 849 1697 auctoritate
871 1631 1040 1718 Augustini
1062 1631 1101 1696 ad
1125 1631 1262 1697 Vincen-

114 1755 150 1801 so
166 1770 218 1819 ny»
277 1740 364 1804 cium
384 1739 548 1804 decretum
570 1737 614 1802 sic
636 1736 791 1823 loquitur:
827 1736 1105 1814 Quemadmodum
1134 1736 1165 1800 si
1182 1755 1262 1819 pre·

97 1811 229 1866 *¹³⁸⁹*
276 1844 448 1908 scindetur
478 1842 661 1906 membrum
683 1842 726 1906 ob
747 1842 902 1908 lominis'
916 1843 982 1907 riri
1007 1860 1159 1926 corpore,
1193 1860 1260 1904 non

271 1958 378 2030 potest
400 1955 510 2011 tenere
537 1947 688 2029 spiritum
720 1947 799 2010 uite:
829 1946 1000 2010 sichomo
1032 1947 1089 2031 qui
1109 1946 1262 2029 presciu-

277 2051 364 2114 ditur
391 2051 433 2117 de
466 2050 587 2115 Cirristr'
618 2051 696 2114 iusti
725 2070 875 2134 corpore,
907 2052 1000 2115 nullo
1030 2052 1125 2116 modo
1155 2061 1263 2135 potest
1275 2069 1305 2123 15

277 2166 386 2219 tenere
407 2157 559 2239 spiritum
583 2156 720 2220 iusticie.
743 2156 784 2220 Et
807 2169 874 2221 tota
908 2156 969 2220 ista
994 2155 1154 2221 sentencia
1175 2169 1263 2241 patet

277 2259 403 2342 XX1V⁸,
425 2282 458 2345 q.
479 2260 504 2343 1,
526 2261 706 2345 permulta
729 2260 876 2346 capitula.

97 2401 147 2446 η,
160 2400 231 2446 Μ,
321 2365 412 2428 Unde
434 2385 472 2428 ex
494 2363 584 2429 dictio
605 2364 691 2428 Bcde
713 2364 757 2428 sic
779 2363 922 2450 loquitur
949 2376 1052 2429 unum
1082 2366 1260 2431 decretum:

280 2468 472 2553 Quicunque
494 2469 536 2533 ob
558 2471 682 2533 unitate
693 2469 781 2554 fidei
803 2471 855 2535 rel
875 2470 1039 2535 societatis
1060 2472 1150 2536 Petri
1179 2490 1259 2554 quo·

277 2572 424 2637 uismodo
438 2576 627 2657 semetipsos
640 2584 829 2659 segregant,
850 2574 934 2638 tales
956 2594 1016 2638 nec
1032 2575 1171 2641 vinculis
1180 2596 1259 2660 pec·
1270 2606 1305 2644 no

276 2687 422 2741 cetorum
445 2678 586 2742 absoluti
606 2687 684 2742 sunt
706 2697 764 2742 nec
778 2681 913 2742 ienuam
930 2680 1028 2764 regni
1043 2680 1170 2746 celestis
1180 2700 1259 2764 por-

276 2792 349 2846 sunt
372 2781 514 2867 ingredi.
541 2783 622 2847 ltem
643 2781 731 2846 aliud
753 2782 915 2847 decretum
943 2798 1073 2869 captum
1104 2805 1142 2848 ex
1174 2784 1260 2850 dicto

266 2886 358 2950 ‘Bede
380 2907 475 2972 super
495 2887 630 2972 primam
654 2888 840 2952 monnicam
860 2888 1026 2954 Iohannis:
1060 2888 1175 2954 Omnis
1205 2891 1263 2974 qui

275 2991 396 3055 recedit
419 3004 449 3056 et
471 3012 535 3055 non
553 3003 729 3076 permonet
750 2995 783 3057 in
806 2993 958 3057 doctrina
984 2994 1117 3072 Christi,
1152 2994 1259 3058 Deum

276 3113 341 3157 non
362 3096 473 3174 labec
492 3098 549 3180 qui
564 3107 742 3180 permanet
776 3097 809 3160 in
834 3096 995 3177 doctrina,
1022 3098 1075 3162 hic
1102 3109 1133 3163 et
1144 3098 1304 3183 filium25

276 3207 307 3262 et
322 3210 455 3281 petrem
477 3201 585 3265 hebet.
609 3201 655 3262 Ex
679 3200 794 3264 talibus
821 3200 912 3265 dictis
935 3216 1117 3267 sanctorum
1150 3216 1181 3267 et
1203 3204 1258 3267 de·

276 3317 361 3367 creto
384 3303 513 3368 ecclesie
536 3305 616 3367 duce
640 3303 765 3368 racione
788 3304 941 3389 scripture
971 3320 1059 3392 patet
1089 3321 1157 3371 tota
1187 3328 1258 3392 pre-

275 3406 358 3469 dicta
379 3408 548 3489 sentencia,
571 3422 602 3472 et
624 3409 714 3492 quod
728 3409 878 3495 precipue
893 3408 1072 3475 timendum
1093 3425 1149 3493 est,
1172 3426 1260 3496 patet

275 3510 363 3594 quod
386 3512 492 3575 nullus
515 3511 713 3594 christianus,
736 3514 790 3575 sed
805 3513 954 3598 precipue
977 3513 1092 3579 Christi
1123 3515 1260 3581 vicarius

275 3635 341 3677 non
364 3629 411 3680 est
433 3617 616 3680 membrum
638 3616 776 3701 ecclesie,
800 3617 860 3681 nisi
878 3614 1112 3703 perseveranter
1133 3633 1303 3690 secutus30

276 3718 368 3783 luerit
389 3717 555 3785 Christum
576 3720 609 3784 in
632 3721 774 3786 moribus
796 3736 828 3786 et
849 3720 1003 3787 doctrine.

317 3886 340 3924 e
356 3872 373 3916 Β
387 3871 411 3916 in
426 3885 502 3929 marne
517 3872 626 3932 apostoll.
677 3873 724 3920 §.ll
736 3873 758 3918 io
772 3884 849 3931 marg:
863 3872 924 3920 Dicit
936 3875 999 3920 enirn
1009 3875 1258 3924 extraecdeainrnooo

274 3953 327 3985 esse
340 3942 505 3987 remissionem
520 3944 610 4000 pcccati
624 3945 748 3990 contracti.
766 3946 847 4002 Quare
863 3943 934 4001 lgltor
947 3945 1011 3991 addit
1024 3946 1070 3991 hoc
1082 3946 1198 3991 contram
1208 3954 1258 3995 tunt

274 4011 420 4057 otrerbnm?
429 4021 492 4057 extra
501 4012 565 4058 tuan
576 4024 620 4059 nec
631 4020 667 4059 eat
679 4014 787 4059 remissio
799 4014 889 4072 peceati
900 4014 1013 4060 contracti
1025 4026 1069 4061 nee
1080 4027 1127 4061 non
1136 4019 1259 4064 contracti.

274 4091 301 4126 n.
316 4079 334 4126 Β
347 4081 372 4125 ln
386 4093 461 4140 marg.
474 4082 507 4138 nl,
521 4096 546 4142 q.
560 4095 582 4136 7.
635 4095 667 4141 ¹7·
681 4084 698 4128 B
713 4085 736 4130 ln
751 4094 824 4141 marg.
839 4094 932 4144 24,q.r·
986 4098 1021 4143 ²7·
1031 4086 1061 4130 ll:
1076 4084 1135 4132 doce
1146 4085 1260 4133 Romane

282 4247 287 4273 .·
321 4203 360 4241 η.
379 4190 455 4241 Decr.
473 4205 525 4242 sec.
548 4207 610 4260 pars
632 4206 712 4245 causa
734 4192 827 4257 xxlll,
848 4208 875 4262 q.
893 4193 950 4259 Vll,
968 4209 991 4245 c.
1008 4194 1052 4246 lv.
1167 4191 1206 4248 18.
1224 4193 1259 4248 lb.

272 4277 360 4329 Cruse
379 4276 471 4341 xxw,
489 4291 516 4346 q.
533 4277 555 4342 l,
572 4293 629 4348 cup.
647 4278 752 4334 xxvtt.
951 4294 992 4332 nn.
1010 4280 1111 4332 Decret.
1128 4293 1182 4330 aec.
1199 4295 1261 4350 perc

272 4377 352 4415 cause
368 4362 462 4431 mv,
479 4378 506 4434 q.
524 4363 544 4430 l,
562 4378 622 4433 cnp.
640 4364 737 4420 xltlv.
