3262 5226
414 322 484 371 car.
499 306 564 400 xm]
791 327 838 380 nu
857 326 1035 379 ucetustn.

296 504 322 557 F
342 499 578 572 176·tempnant
601 484 798 568 insurgentes
820 482 853 547 in
876 504 983 568 regem
1015 482 1056 546 ad
1087 479 1138 546 sui
1160 479 1273 566 populi
1305 477 1401 545 detri-

411 603 567 654 mentum.
592 587 709 652 Omnia
725 587 782 650 ista
798 609 949 673 suppono
971 609 1009 651 ex
1026 583 1159 651 cronicis
1182 598 1214 650 et
1234 597 1401 670 tamquam

410 694 555 779 proxima
577 712 634 777 per
656 714 689 755 se
711 691 805 755 notis.
828 693 902 756 Non
925 692 1011 756 enim
1027 691 1215 755 tenebantur
1237 708 1325 773 reges
1339 688 1402 752 sub

410 820 492 882 pena
516 796 859 862 excommunicacionis
882 797 989 861 dotare
1013 817 1103 860 suam
1127 792 1290 858 ecclesiam
1307 794 1401 858 dota·
1419 805 1471 851 saa
1485 818 1543 865 my
1555 806 1615 853 neve

386 903 503 975 stione
526 915 677 986 perpetua
692 899 765 985 plus
781 902 830 964 vel
846 901 963 984 minus,
978 915 1015 965 ut
1030 914 1116 986 patet
1135 920 1172 963 ex
1194 897 1301 981 dictis;
1323 914 1402 964 tunc
1416 857 1566 957 ''er
1567 859 1621 959 ‘12⁸⁸

411 1006 498 1069 enim
519 1019 699 1069 tenerentur
721 1007 781 1069 sub
804 1027 885 1089 pena
910 1003 1149 1091 dampnacionis
1172 1003 1295 1068 dedisse
1317 1004 1403 1067 clero
1419 962 1620 1113 ‘llffiplsslJ‘

412 1131 510 1174 suum
532 1111 629 1174 totale
651 1109 843 1192 dominium,
865 1110 955 1175 cuius
976 1111 1163 1196 oppositum
1186 1128 1346 1194 suppono.
1452 1079 1485 1112 ω
1511 1075 1589 1126 ⁰⁰⁸*

373 1234 402 1286 a
457 1214 498 1278 Et
520 1235 557 1278 ex
580 1213 647 1276 istis
670 1212 713 1278 sic
737 1213 893 1299 arguitur:
914 1214 946 1280 Si
963 1215 1139 1280 secundum
1155 1213 1249 1279 istam
1265 1211 1404 1278 formam

413 1318 576 1382 dotassent
600 1333 741 1383 nostram
757 1318 930 1401 ecclesiam,
953 1318 1037 1383 licite
1051 1318 1231 1404 potuissent
1250 1337 1311 1402 pro
1325 1338 1403 1382 coo·

372 1435 537 1506 rotemptu
554 1422 633 1507 regis
643 1443 734 1486 suam
750 1422 957 1487 elemosinam
973 1423 1171 1507 subtraxisse,
1186 1423 1242 1487 sed
1253 1442 1328 1487 curn
1344 1421 1404 1487 ista

414 1527 605 1591 condicione
628 1543 803 1612 potuerunt
825 1531 950 1594 dotasse
967 1543 1110 1593 nostram
1126 1527 1304 1605 ecclesiam,
1326 1548 1403 1612 ergo

413 1646 591 1716 potuerunt
623 1653 682 1717 pro
715 1647 903 1719 contemptu
943 1633 1016 1697 cleri
1053 1635 1161 1697 datam
1192 1632 1402 1696 elemosinam

413 1736 497 1801 licite
520 1737 718 1804 subtmxisse
740 1738 826 1803 Cum
843 1759 918 1823 ergo
941 1738 992 1801 illa
1015 1736 1162 1802 condicio
1185 1736 1296 1801 luisset
1317 1735 1403 1801 licita

413 1855 445 1905 et
467 1841 613 1922 honesta,
637 1845 902 1928 consuetudoque
934 1842 1013 1926 regis
1045 1855 1076 1906 et
1107 1840 1193 1928 regni
1227 1841 1344 1906 docent
1367 1840 1629 1905 innectam

375 1966 403 2017 ,5
415 1944 498 2009 lacto
514 1945 735 2010 condicionem
758 1947 843 2011 illam
869 1946 964 2010 luisse
986 1948 1152 2028 adiectam,
1167 1946 1292 2010 videtur
1308 1945 1402 2008 nimis
1410 1907 1479 2003 'ilisa'
1479 1907 1547 2004 ‘enubit
1558 1907 1626 2005 ἐπ’

413 2064 660 2135 presumptuosa
682 2050 818 2116 assercio
841 2052 931 2138 quod
951 2050 1107 2136 principes
1131 2049 1229 2115 nostri
1253 2071 1319 2114 non
1342 2056 1401 2135 p'o
1434 2009 1604 2119 mbifcbe'ff

413 2169 545 2220 ruerunt
586 2156 626 2220 ab
659 2155 703 2219 eis
742 2156 863 2221 auferre
894 2152 1080 2241 temporalia
1116 2170 1402 2242 quantumcunque

413 2260 619 2346 deliquerint;
638 2282 751 2347 ymmo
773 2282 847 2326 cum
871 2261 1014 2326 absolute
1029 2259 1204 2324 necessario
1227 2274 1403 2346 potuerunt

414 2365 512 2429 talem
535 2365 757 2431 condicionem
782 2367 913 2448 adicere,
936 2380 967 2431 et
989 2365 1102 2430 iterum
1122 2364 1269 2429 absolute
1292 2384 1401 2429 neces·

372 2469 496 2539 rosario
529 2472 739 2535 elemosinarii
772 2486 904 2558 possent
931 2485 1055 2534 tautum
1088 2468 1283 2556 delinquere,
1314 2474 1402 2554 pater

414 2570 465 2662 (ut
486 2596 560 2660 sepe
583 2574 661 2664 dixi)
677 2577 766 2663 quod
780 2576 938 2661 principes
954 2574 1052 2636 nostri
1068 2574 1212 2640 absolute
1227 2574 1402 2640 necessario

413 2693 590 2764 potuerunt
613 2700 685 2745 suas
707 2678 897 2744 elemosinas
919 2677 1111 2761 subtrahere,
1133 2678 1276 2764 periculo
1298 2679 1402 2764 possi·
1417 2701 1448 2737 so
1461 2702 1509 2737 aar
1523 2693 1623 2750 puae·

415 2783 470 2846 bili
486 2784 684 2850 imminente.
704 2784 745 2846 Et
766 2802 823 2866 per
845 2781 929 2844 idem
953 2781 1096 2866 sequitur
1118 2785 1205 2869 quod
1229 2755 1492 2894 potueruntuqffi
1503 2744 1629 2845 w·

416 2908 490 2953 cum
515 2887 719 2974 possibilibus
740 2885 869 2970 paribus
885 2887 1065 2951 subtrahere
1087 2886 1293 2970 infuturum,
1314 2860 1435 2974 quod¹¹¹
1486 2860 1541 2896 η’
1557 2851 1627 2897 ⁸⁸⁰²

374 3009 405 3063 25
416 3007 511 3058 sonat
545 2993 662 3056 directe
696 3004 806 3054 contra
838 2990 967 3055 terciam
999 2992 1241 3057 conclusionem
1263 2992 1404 3059 doctoris

416 3117 479 3183 que
502 3097 578 3162 dicit
604 3096 692 3182 quod
715 3114 803 3178 reges
825 3095 938 3180 Anglie
970 3096 1157 3180 temporalia
1190 3119 1209 3162 a
1232 3098 1317 3163 clem
1344 3118 1404 3163 suo

415 3221 584 3287 nunquam
607 3197 747 3282 legitime
770 3200 977 3282 abstulerunt,
1001 3201 1082 3265 sicut
1098 3222 1156 3266 nec
1170 3201 1254 3266 datis
1277 3202 1404 3288 paribus

414 3305 557 3389 legitime
580 3316 754 3389 potuerunt
777 3303 808 3366 in
834 3303 987 3370 futurum.
1034 3306 1075 3370 Et
1097 3320 1205 3372 notate
1238 3306 1335 3372 verba
1366 3307 1403 3391 si,

414 3409 561 3496 inquam,
584 3428 642 3472 nec
665 3407 745 3472 datis
767 3408 897 3493 paribus
921 3423 1093 3494 potuerunt
1108 3409 1231 3477 auferre
1252 3411 1404 3498 legitime,

373 3531 406 3584 30
415 3526 493 3579 tunc
525 3533 583 3577 nec
615 3512 695 3576 datis
720 3511 880 3598 aliquibus
907 3514 1034 3599 paribus
1070 3529 1247 3600 potuerunt
1283 3515 1405 3582 auferre

415 3615 566 3704 legitime,
590 3630 622 3681 et
642 3637 700 3702 per
721 3638 920 3704 consequens
942 3618 974 3681 in
1005 3635 1291 3706 quantumcunque
1311 3624 1403 3708 'mag-

110 2605 122 2660 l

107 2689 125 2902 i

105 3425 125 3688 (yx-4.=‘-„ffl
104 2905 125 3416 mut-*taff

75 3940 78 3947 .
75 3884 78 3889 .
74 3812 81 3841 .,,
76 3726 80 3735 -
75 3692 79 3701 -

455 3853 479 3901 8.
494 3857 516 3901 Α
524 3855 548 3902 ln
558 3867 645 3913 marga
660 3854 770 3903 notanda
780 3864 816 3903 est
824 3857 925 3905 ecelesia
935 3857 979 3903 sub
989 3857 1130 3904 eondlclone
1138 3859 1233 3914 (Abone
1240 3859 1294 3918 176·
1306 3859 1406 3907 vlrboat

414 3925 482 3971 marli
501 3925 529 3971 ol
546 3925 683 3982 reference).
790 3923 822 3972 sl
845 3925 878 3971 B:
897 3930 1033 3984 quodcum
1054 3935 1187 3986 potuerunt.
1292 3928 1330 3975 st.
1344 3930 1366 3975 t.
1379 3923 1412 3976 la'

415 4006 503 4052 marga
526 3993 657 4041 conclusio
679 3995 746 4042 nrm
851 4007 888 4054 ²9.
906 3999 928 4043 Α
941 3998 984 4054 An
1003 3999 1102 4055 peribus
1115 4006 1249 4057 potuerunt.
1267 3998 1362 4047 cedde
1379 3999 1405 4045 Ιι

414 4071 539 4122 quantum.
643 4062 674 4111 31.
688 4066 710 4110 Α
723 4066 768 4123 Ap
781 4072 996 4125 quantamcunque.

464 4257 502 4296 rs.
521 4243 616 4312 comp.
634 4242 693 4296 llus
710 4243 728 4295 Ι.
746 4258 769 4297 c.
788 4243 835 4298 sol.
853 4239 976 4297 Cxxlll'.
