3262 5226
257 445 415 537 canava]
539 489 547 504 ·
675 466 720 518 ne
739 465 917 516 accersis.
1412 443 1478 527 377

153 643 180 697 Ρ
198 623 405 707 ι8ι·1ε3ἰῐῐηιε
441 615 630 704 orditurunt3
662 639 693 687 et
724 644 783 706 pro
811 622 920 686 iterata
950 620 1132 682 defensione
1162 617 1249 701 regni
1279 629 1458 727 ⁰{„⁸,⁰³‘,“'⁸

235 729 430 797 2nccessarii
447 744 529 793 sunt.
546 729 705 809 Secundo,
722 728 745 790 si
763 748 898 812 regnum
915 747 974 810 pro
988 746 1046 789 sua
1066 723 1252 788 defensione
1355 695 1444 742 resa,

268 832 438 895 necessaria
463 854 529 895 non
552 832 665 896 habeat
687 832 814 895 aliunde
838 832 888 895 vel
911 829 1143 915 congruencius
1165 829 1252 892 unde

268 937 474 999 militantibus
498 957 556 1020 pro
580 936 764 999 defensione
792 936 879 1020 regui
913 933 1102 997 ministraret
1132 932 1251 1016 stipen·
1324 1011 1327 1015 .

236 1041 328 1110 arlia.
354 1042 394 1103 Et
418 1040 525 1120 tercio,
547 1041 571 1102 si
595 1040 709 1123 vulgus
733 1061 788 1123 per
803 1055 892 1103 taxas
915 1037 1140 1124 gubernacioni
1164 1036 1250 1119 regni
1286 1057 1317 1090 or
1334 1053 1361 1090 to
1375 1046 1453 1110 aeota

268 1145 456 1207 necessarias
479 1144 518 1205 ad
542 1145 673 1206 nimiam
698 1146 883 1229 pauperiem
908 1144 947 1207 sit
970 1144 1128 1206 reductus.
1151 1141 1252 1204 Racio
1296 1110 1444 1196 ‘hildrix‘

268 1251 348 1313 beati
374 1249 534 1312 Ambrosii
558 1263 618 1314 stat
640 1251 672 1312 in
696 1251 776 1315 isto:
800 1249 916 1314 Melius
939 1262 986 1313 est
1008 1248 1097 1332 quod
1119 1267 1254 1345 regnum

268 1354 413 1438 religiose
435 1354 620 1418 defendatur
642 1376 698 1440 per
719 1356 847 1439 propria
863 1375 962 1438 quam
985 1352 1073 1436 quod
1090 1351 1121 1413 in
1137 1371 1254 1434 penam

268 1460 385 1542 peccati
409 1460 457 1521 sui
480 1461 668 1544 depredetur
694 1463 733 1524 de
761 1461 909 1545 hiisque
933 1457 1083 1522 inutiliter
1109 1470 1141 1519 et
1162 1477 1255 1520 avare

228 1563 396 1628 roretinuit
419 1587 436 1628 a
459 1579 552 1648 gente
575 1567 723 1650 sacrilega
746 1567 857 1628 aliena.
881 1564 933 1629 Sic
955 1562 1040 1626 enim
1056 1562 1254 1648 Nabugodo·

270 1690 370 1731 nosor
392 1690 429 1731 ex
453 1682 582 1752 peccato
606 1673 808 1736 sacerdotum
833 1670 906 1734 fecit
930 1668 1085 1751 templum
1112 1667 1144 1730 in
1166 1668 1254 1731 Jeru-

268 1774 367 1836 salem
397 1774 524 1857 spoliari
549 1778 596 1858 (ut
623 1792 709 1860 patet
740 1780 864 1861 Regum
889 1775 956 1836 XX.
987 1786 1019 1837 et
1047 1771 1156 1835 Daniel
1185 1769 1255 1856 Ψ),

269 1879 324 1940 sed
348 1878 424 1962 quid
450 1895 580 1963 propter
602 1882 781 1964 superbiam
806 1898 870 1963 qua
891 1876 963 1959 plus
984 1877 1132 1940 timemus
1146 1875 1256 1940 hostes

270 2005 465 2065 cognoscere
489 2000 629 2048 nostram
655 1984 825 2067 egenciam,
849 2001 946 2065 quam
972 1983 1075 2044 Deum
1098 1980 1325 2045 offenderem*
1342 2001 1382 2045 rae
1396 2001 1480 2061 ctera

229 2108 327 2170 rsper
361 2104 502 2152 nostram
538 2087 766 2173 arroganciam,
806 2101 837 2149 et
875 2085 952 2169 quid
991 2107 1047 2169 per
1080 2084 1256 2149 evidentias
1274 2054 1470 2161 pessmus

270 2192 459 2276 sophisticas
480 2172 512 2255 et
543 2207 664 2276 partem
700 2211 796 2273 quam
831 2190 905 2254 facit
937 2190 1037 2253 clerus
1072 2190 1256 2274 potentibus

271 2296 511 2360 lamentabiliter
534 2315 687 2378 pauperes
710 2308 785 2357 sunt
808 2289 951 2378 predati?
981 2295 1019 2357 Et
1042 2295 1100 2357 ista
1123 2294 1257 2359 creditur

273 2422 336 2463 una
360 2421 453 2464 causa
477 2419 572 2483 quare
604 2398 769 2462 thesaurus
804 2399 934 2463 ecclesie
967 2413 998 2462 et
1031 2399 1103 2462 cleri
1129 2398 1258 2468 Francie

275 2505 335 2568 fuit
358 2527 415 2588 per
438 2520 563 2566 nostros
587 2502 618 2565 in
643 2502 791 2585 Angliam
815 2517 1057 2587 transportatus,
1078 2504 1133 2567 sed

230 2698 264 2733 20
355 2662 452 2725 Felix
473 2681 567 2744 quem
581 2660 716 2744 saciant
738 2661 848 2723 aliena
866 2662 1016 2744 pericula
1039 2669 1181 2727 caulam.

319 2819 358 2882 Et
381 2831 467 2901 patet
490 2818 579 2901 quod
602 2815 724 2880 dictum
747 2818 920 2902 collegium
947 2819 1038 2881 debet
1068 2818 1140 2881 dare
1171 2818 1258 2882 dicto

205 2922 406 3007 ‚appatuperi
437 2921 529 2985 militi
564 2920 771 2984 elemosinam
804 2923 844 2983 de
876 2922 970 2985 bonis
998 2919 1258 3007 pauperum*ad

273 3028 336 3091 hoc
359 3026 449 3107 datis,
475 3047 540 3088 non
572 3041 679 3089 autem
715 3027 754 3090 ad
787 3026 971 3090 hereditarie
1003 3027 1259 3113 conquirendum

273 3131 455 3195 dominium
480 3131 630 3211 seculare,
654 3129 728 3215 quia
751 3130 795 3194 sic
817 3145 927 3214 posset
950 3132 1050 3195 clerus
1072 3132 1258 3217 conquirere

228 3235 382 3308 25omnia
406 3256 500 3319 regna
524 3235 647 3315 mundi,
671 3256 744 3298 cum
777 3232 826 3321 (ut
849 3232 1013 3320 inquiunt)
1047 3250 1182 3319 possunt
1208 3237 1256 3301 in·

271 3340 360 3404 finite
382 3340 556 3423 adquirere,
579 3340 633 3401 sed
658 3340 754 3402 nichil
778 3340 914 3403 allenare
932 3341 980 3404 vel
996 3342 1136 3424 perdere,
1159 3342 1258 3407 etsie

270 3445 428 3508 videretur
461 3445 549 3529 quod
583 3443 654 3507 talis
685 3443 862 3528 adquisicio
899 3444 1046 3507 omnium
1087 3466 1258 3528 regnorum

272 3549 383 3613 ntuudi
408 3548 489 3612 foret
517 3563 698 3611 monstrum
731 3548 969 3611 abhominabile
991 3549 1186 3631 Antichristi,
1218 3552 1258 3614 de

272 3673 339 3736 quo
355 3653 467 3718 Daniel
491 3655 559 3735 lX0,
580 3668 635 3738 27:
658 3652 732 3715 Erit
747 3653 779 3715 in
795 3653 914 3736 templo
930 3654 1151 3717 abhominaeio
1166 3654 1257 3720 deso·

227 3757 424 3835 solacionisJ
444 3757 493 3820 cui
517 3757 603 3821 dicto
620 3756 765 3820 Christus
780 3757 892 3820 alludit
908 3757 1038 3821 Matthei
1061 3758 1175 3839 xxiv,
1203 3760 1256 3823 ti:

274 3861 369 3941 Cura,
381 3861 493 3945 inquit,
503 3861 644 3926 videritis
656 3861 953 3925 abhomiuociouem
969 3861 1180 3926 desolacionis
1196 3882 1259 3947 que

312 4109 329 4142 s.
343 4096 379 4150 nr
389 4096 451 4142 illata
465 4096 611 4144 defensioue.
701 4099 720 4147 5.
734 4099 758 4145 ⁶.
772 4099 803 4144 Bs
818 4099 886 4156 regul
900 4099 1036 4145 necessitas.

284 4347 288 4359 Ι
314 4304 356 4342 so.
374 4292 461 4360 Vulgo
480 4290 588 4344 iactatus
600 4308 706 4360 versus;
718 4293 745 4346 in
757 4295 871 4348 eandem
890 4294 1053 4348 sentenciam
1065 4312 1107 4366 sp.
1120 4296 1256 4351 Plautums

271 4376 393 4432 feliciter
411 4380 477 4448 sapit
495 4377 541 4449 qul
559 4379 647 4432 alieno
664 4382 783 4450 periculo
801 4384 879 4454 ssplt.
951 4421 960 4436 .
