3262 5226
383 496 454 546 cra.
467 480 509 567 a]
715 517 720 528 ·
758 494 804 546 oa
821 492 1000 546 aceresia
1020 470 1028 481 “

270 679 301 733 κ
316 656 500 743 ,maliquis
530 655 632 718 homo
664 652 704 714 de
736 649 845 735 aliquo
873 650 947 714 loco
979 648 1120 730 veniens,
1150 647 1294 733 pedester
1318 646 1370 710 vel

384 775 539 848 equester,
570 758 689 822 intrans
721 755 814 819 illum
844 753 954 818 locum
982 773 1020 816 ex
1046 771 1142 818 causa
1166 751 1283 838 aliqua,
1314 752 1370 815 sed

384 865 491 931 omnis
514 862 585 927 talis
606 860 693 925 iuxta
715 874 860 924 tenorem
881 859 1052 922 verborum
1067 856 1221 943 privilegii
1243 855 1371 920 babebit

385 970 418 1033 in
439 971 514 1032 loco
535 966 592 1029 illo
614 963 853 1028 immunitatem
875 961 1109 1047 omnimodam,
1132 981 1209 1045 ergo
1230 959 1387 1047 quelibet.

360 1092 521 1159 §persona
552 1069 622 1134 talis
652 1067 806 1133 exercitus
839 1067 953 1132 virtute
980 1065 1146 1151 privilegii,
1179 1085 1278 1152 quam
1312 1064 1369 1128 diu

385 1175 531 1259 voluerit,
554 1173 694 1259 quiescet
716 1171 760 1235 ibi
783 1170 927 1255 pacifice;
949 1170 976 1234 si
999 1170 1140 1234 enimin
1163 1169 1272 1256 aliquo
1293 1188 1369 1233 casu

385 1280 469 1365 capit
491 1277 689 1359 instanciam,
711 1290 839 1360 oportet
855 1276 940 1340 nuda
953 1276 1049 1340 verba
1065 1275 1186 1340 abicere
1207 1287 1240 1340 et
1261 1270 1370 1358 sapere

386 1404 496 1448 sanam
518 1380 724 1448 sentenciam,

430 1489 492 1553 Hic
524 1485 622 1551 dixit
652 1485 744 1551 mihi
782 1483 935 1570 quidam
972 1485 1198 1568 ingeniosus
1233 1484 1372 1569 legista

318 1612 377 1681 159·
386 1593 475 1678 quod
497 1592 638 1678 quelibet
663 1610 799 1676 persona
825 1590 896 1655 tulis
923 1589 1077 1656 exercitus
1102 1587 1253 1674 gaudebit
1273 1587 1372 1654 hoc*

357 1697 563 1783 apririlegio,
595 1716 669 1760 cum
696 1715 763 1759 non
791 1707 917 1779 oportet
943 1710 1074 1780 propter
1099 1695 1177 1759 tales
1208 1713 1299 1758 casus
1320 1692 1369 1757 iu·

387 1802 554 1888 possibiles
585 1801 719 1866 limitare
755 1799 804 1862 vel
840 1799 1024 1884 restringere
1055 1797 1217 1883 privilegia
1249 1817 1369 1883 regum

387 1907 467 1971 lllud
482 1921 591 1970 autem
607 1904 690 1989 capit
706 1903 923 1988 calumpniam
939 1893 1149 1987 multiplicem
1164 1916 1242 1987 aput
1256 1921 1369 1988 quem·

384 2013 460 2075 libet
483 2010 599 2075 mentis
614 2023 809 2093 compotem.
833 2010 917 2073 Nam
937 2025 995 2073 nec
1008 2028 1063 2071 rex
1078 2008 1185 2100 potuit
1200 2008 1371 2072 concedere

346 2136 374 2189 15
384 2118 446 2182 tale
463 2113 664 2201 privilegium
678 2134 739 2178 nec
754 2113 857 2178 clerus
872 2112 982 2177 debuit
997 2111 1105 2198 ipsum
1121 2126 1157 2177 ut
1170 2110 1371 2197 privilegium

384 2221 442 2284 sibi
466 2218 641 2299 admittere,
665 2239 742 2282 cum
764 2239 830 2281 non
852 2233 960 2303 potest
980 2239 1079 2303 regno
1094 2233 1205 2282 nostro
1225 2216 1274 2280 vel
1289 2217 1370 2301 parti

384 2325 451 2388 eius
467 2344 533 2387 esse
549 2321 752 2409 privilegium
768 2321 873 2386 lovere
893 2320 1103 2411 destructores
1119 2321 1206 2408 regni
1221 2335 1253 2386 et
1267 2320 1370 2386 tocius

384 2427 513 2491 ecclesie
545 2427 729 2512 Anglicane,
763 2426 844 2491 sicut
875 2448 939 2492 non
968 2441 1015 2490 est
1050 2426 1249 2513 privilegium
1275 2425 1369 2490 alicui

384 2553 416 2595 se
439 2531 546 2615 ipsum
570 2530 790 2595 deteriorando
813 2532 981 2598 destruere.
1005 2532 1081 2596 Ideo
1103 2531 1287 2617 quicunque
1307 2530 1368 2595 im·

344 2672 375 2708 20
384 2636 551 2720 patraverit
583 2636 633 2699 vel
664 2634 839 2700 defenderit
870 2637 933 2700 hoc
968 2649 1005 2700 ut
1035 2635 1240 2721 privilegium
1270 2655 1369 2722 regno

384 2755 503 2820 nostro,
536 2754 702 2824 tamquam
733 2738 868 2803 infidelis
899 2741 969 2805 Deo
1000 2756 1032 2806 et
1063 2760 1161 2827 reguo
1191 2741 1368 2824 degenerat.

383 2847 449 2909 Nec
470 2844 553 2908 valet
575 2844 676 2908 dicere
699 2846 788 2929 quod
814 2845 885 2910 talis
907 2845 1056 2909 comitiva
1080 2866 1145 2909 non
1169 2845 1270 2930 possit
1292 2865 1368 2908 cou-
1386 2848 1487 2951 sti⁰ior⁸
1501 2855 1549 2900 dan

383 2968 509 3034 surgere
532 2962 564 3012 et
592 2970 726 3033 regnum
755 2964 900 3013 nostrum
924 2950 1083 3031 invadere,
1111 2970 1186 3014 cum
1213 2951 1246 3014 in
1269 2949 1368 3014 tribus
1432 2920 1545 3004 sanciat

383 3053 610 3138 conquestibus
649 3053 766 3119 scilicet
800 3053 980 3136 Britonum,
1018 3055 1183 3119 Saxonum
1217 3069 1250 3120 et
1286 3056 1368 3120 Nor·

342 3177 373 3229 25
384 3178 554 3221 manorum
591 3156 652 3221 hoc
679 3158 822 3242 contigit,
865 3180 977 3244 ymmo
1014 3160 1091 3223 tales
1122 3160 1368 3246 depopulatores

383 3277 526 3347 tempore
554 3262 634 3345 regis
657 3263 805 3325 Edwardi
832 3263 962 3327 secundi
985 3278 1183 3329 surrexerant
1208 3280 1240 3330 et
1267 3264 1367 3330 cardi·

383 3369 468 3431 nales
492 3367 524 3430 in
557 3367 710 3431 comitatu
734 3367 903 3432 Dunelmie
930 3368 1117 3452 spoliarunt,
1148 3382 1181 3434 ct
1209 3368 1241 3433 iu
1269 3369 1367 3434 nobili

382 3493 481 3555 regno
504 3471 644 3554 Francie,
675 3472 709 3534 in
733 3472 926 3537 Lumbardia
949 3487 980 3537 et
1010 3473 1043 3537 in
1074 3473 1143 3537 aliis
1174 3475 1278 3559 regnis
1308 3495 1367 3558 po·

383 3578 521 3642 tentibus
537 3577 614 3641 tales
629 3576 779 3641 comitive
794 3579 1024 3662 depopulantes
1040 3578 1155 3642 nostris
1171 3578 1367 3665 temporibus

341 3699 374 3751 30
383 3695 597 3746 surrexerunt:
613 3701 726 3766 ymmo
742 3681 851 3745 diebus
868 3681 934 3746 istis
943 3704 1040 3767 regna
1055 3703 1222 3769 nunquam
1233 3685 1283 3748 rel
1298 3704 1367 3748 raro

383 3801 457 3850 sunt
480 3785 546 3849 sine
569 3781 684 3849 talibus
706 3786 757 3849 vel
777 3787 980 3872 corporaliter
1001 3789 1051 3851 vel
1066 3787 1268 3872 spiritualiter
1288 3808 1366 3853 con·

382 3890 526 3955 federatis
549 3890 588 3953 ad
604 3891 855 3954 destruccionem
871 3912 993 3974 eorum,
1016 3912 1090 3955 cum
1106 3892 1175 3958 talis
1191 3893 1367 3977 corruptela

384 3996 444 4059 sub
470 3994 568 4080 pallio
599 3993 754 4079 privilegii
776 4011 884 4081 posset
914 4018 970 4081 per
1001 4017 1034 4060 se
1065 4017 1201 4085 regnum
1227 3997 1365 4082 perdere

420 4213 445 4258 9.
458 4203 481 4247 Α
494 4201 518 4248 ln
533 4214 619 4258 marga
632 4192 766 4260 Responsio
779 4204 889 4263 qaedam.
982 4216 1015 4251 to.
1028 4204 1064 4251 Aa
1077 4204 1124 4250 hoc
1137 4206 1192 4254 boe.
1283 4205 1320 4254 26.
1334 4205 1366 4252 br

381 4271 480 4317 secundi
494 4271 567 4318 deest.
580 4270 660 4318 Recte:
676 4281 835 4320 annuerant.
904 4305 914 4323 .
941 4272 968 4320 33
995 4273 1027 4320 tta
1042 4275 1175 4335 prlrlleglo.

427 4414 469 4467 ss.
487 4413 539 4466 see
557 4413 743 4482 waningum
761 4415 781 4483 t,
798 4430 859 4486 pag.
879 4378 937 4470 iti.
966 4421 979 4441 ·
