3262 5226
401 468 472 516 car.
491 449 547 544 aa]
719 518 722 523 ,
790 469 838 521 ne
855 468 1033 523 amerste-

283 650 310 703 Β
329 646 389 715 ¹⁵⁴⁸
398 645 530 715 propter
558 626 729 712 pecuniam
752 640 784 691 et
810 646 920 691 casum
942 622 1175 709 particularem,
1206 621 1240 685 in
1274 624 1394 689 minori

398 750 487 822 parte
509 734 612 798 eciam
646 732 689 795 ob
716 729 879 795 delectum
901 728 950 793 sui
973 727 1226 813 contingentem,
1248 731 1395 795 statuerit

398 837 644 922 exempcionem
655 836 752 901 talem
768 851 803 899 ut
818 837 923 920 legem
937 846 1135 918 perpetuam.
1152 833 1235 896 Nam
1245 830 1395 899 diabolus

398 961 430 1009 et
461 942 604 1007 membra
644 962 702 1006 sua
723 939 907 1004 seducendo
938 938 1098 1023 populum
1128 938 1171 1001 ab
1189 937 1394 1003 observancia

375 1048 476 1131 5legis
487 1046 605 1111 Christi
622 1043 928 1108 videnturinducere
942 1041 1185 1128 exempcioncm
1195 1042 1395 1128 huiusmodi,

402 1174 441 1216 ne
464 1150 596 1214 inferior
627 1150 749 1214 fruatur
779 1147 930 1234 suffragio
957 1147 1006 1211 sui
1033 1148 1199 1234 prepositi,
1231 1163 1267 1214 ut
1288 1149 1394 1218 innuit

399 1253 602 1340 Augustinus
624 1253 706 1316 libro
728 1255 872 1317 secundo
895 1252 941 1316 De
964 1252 1097 1321 Ordine.

366 1378 391 1431 ο
444 1360 484 1423 Et
506 1372 666 1443 quantum
688 1358 729 1420 ad
751 1357 813 1421 alia
843 1356 980 1440 insignia
1003 1358 1177 1444 perquisita
1198 1361 1239 1423 de
1261 1373 1392 1445 portan-

402 1467 445 1527 do
469 1462 609 1545 mitram,
626 1483 753 1526 crucem
776 1476 807 1525 et
830 1462 981 1526 baculum
1004 1483 1040 1526 ac
1064 1462 1243 1527 ordinando
1263 1463 1394 1530 clericos
1428 1468 1562 1533 namqu

360 1566 560 1638 roextensias
591 1569 641 1631 vel
672 1566 826 1647 strictius,
859 1588 935 1631 curn
966 1567 1035 1630 aliis
1073 1568 1194 1632 vocatis
1225 1568 1395 1653 privilegiis
1404 1534 1563 1623 «1Ὴέκῆ

400 1672 466 1736 istis
498 1672 667 1751 similibus,
700 1693 775 1735 curn
805 1687 840 1736 ut
869 1672 1047 1757 plurimum
1068 1673 1197 1757 sapiunt
1225 1672 1341 1737 lustum
1362 1689 1395 1740 et
1433 1628 1555 1728 ruffi

400 1798 464 1840 non
493 1777 718 1858 commodum,
742 1791 817 1840 sunt
839 1797 915 1860 sepe
938 1797 1003 1839 non
1026 1776 1189 1863 privilegia
1209 1778 1264 1840 sed
1283 1776 1393 1842 diabo-

326 1871 331 1882 ’
399 1882 460 1945 lica
496 1902 612 1965 sagena
650 1881 768 1966 quibas
805 1880 908 1964 pisces
946 1894 1089 1945 natantes
1120 1881 1154 1945 in
1185 1881 1264 1946 mari
1300 1881 1397 1947 huius

401 1985 498 2050 seculi
531 1986 717 2069 capiuntur;
754 1999 786 2049 et
817 1985 860 2050 sic
893 1985 1066 2049 dicendum
1092 1987 1217 2052 videtur
1238 1987 1277 2050 de
1298 1987 1396 2072 privi-

362 2091 490 2175 tslegiis
513 2091 644 2154 terrenis
667 2090 847 2155 seculariter
869 2090 1056 2175 impetratis.
1084 2093 1176 2158 Unde
1198 2091 1398 2177 Augustinus

401 2195 433 2258 in
456 2195 538 2259 libro
561 2196 609 2258 De
633 2201 747 2279 Agaue
769 2194 964 2278 Christiano,
987 2172 1129 2281 capflV:
1150 2194 1277 2261 Gaudet
1295 2199 1399 2280 piscis

401 2299 533 2384 peranda
565 2302 698 2363 hanrunr
723 2322 788 2364 nou
811 2299 924 2365 videns
945 2321 1051 2366 escam
1076 2301 1222 2386 devorat,
1248 2301 1308 2366 sed
1324 2304 1396 2386 pis·

403 2418 495 2469 rator
532 2425 606 2468 curn
646 2426 720 2469 eun
758 2408 895 2488 ceperit,
932 2416 1128 2490 torquentur
1163 2408 1233 2471 eius
1269 2407 1398 2472 uiscera

399 2514 520 2595 prinro,
543 2510 661 2574 deinde
681 2514 723 2577 ab
745 2512 835 2574 onnri
857 2510 964 2576 leticia
986 2532 1047 2576 sua
1066 2514 1256 2595 peripsam
1289 2533 1398 2578 escam

362 2618 443 2683 :ode
473 2637 539 2700 qua
573 2618 689 2680 letatus
721 2628 768 2681 est
789 2617 934 2681 trahitur
956 2616 1001 2680 ad
1022 2619 1313 2682 consumacionem.
1346 2620 1399 2684 Sic

404 2736 478 2785 sunt
516 2743 630 2784 omnes
668 2722 724 2806 qui
762 2724 801 2784 de
839 2722 933 2786 bonis
965 2722 1193 2807 temporalibus
1224 2723 1333 2788 beatos
1363 2745 1398 2788 se

404 2842 518 2911 ,autaut
551 2827 636 2889 unde
662 2827 754 2891 bonis
778 2827 873 2891 nichil
897 2842 991 2892 nocet
1012 2827 1134 2891 ablacio
1162 2826 1398 2913 temporalium,

405 2952 479 2996 curn
510 2933 579 3015 ipsa
612 2952 678 2995 non
713 2931 859 3016 diligunt
893 2933 985 2997 Unde
1016 2933 1099 2997 inter
1121 2953 1233 2996 omnes
1261 2917 1399 2998 cautelas

404 3036 521 3100 diaboli
557 3038 721 3100 mundana
744 3037 977 3121 preeminencie
1000 3050 1046 3100 est
1070 3037 1173 3122 prima
1194 3059 1309 3121 sagena
1331 3037 1399 3102 dia·

365 3141 487 3222 25b01i3
519 3142 559 3205 de
592 3142 645 3204 illa
680 3142 766 3206 enirn
789 3141 895 3226 primo
919 3141 1085 3227 temptavit
1108 3142 1282 3210 Christum.
1315 3144 1399 3208 Nam

404 3245 533 3309 Matthei
564 3247 632 3327 ΝΟ,
661 3247 691 3328 8,
720 3269 751 3330 9,
786 3246 901 3310 dicitur
932 3246 1021 3332 quod
1044 3247 1183 3313 ostendit
1204 3248 1267 3313 sihi
1288 3249 1399 3312 omnia

405 3371 509 3434 regna
527 3352 643 3415 mundi
658 3353 786 3419 dicens:
804 3353 880 3416 Hec
895 3352 1006 3415 onnria
1028 3352 1086 3416 tibi
1107 3352 1203 3435 dabo,
1225 3355 1256 3417 si
1276 3351 1400 3418 cadens

405 3454 600 3520 adoraveris
628 3477 688 3520 me.
721 3457 762 3519 Et
783 3477 892 3521 revera
913 3472 1043 3542 propter
1065 3456 1173 3522 minus
1199 3457 1400 3543 privilegium

407 3560 576 3624 adoramus
592 3561 700 3644 sepius
716 3563 860 3625 membra
875 3583 943 3644 sua,
954 3583 1028 3625 cum
1043 3576 1151 3625 tamen
1164 3560 1351 3646 profitemur
1366 3563 1400 3626 in

342 3671 398 3736 154³
408 3665 569 3747 baptismo
600 3666 995 3752 quod*abrenuuciamus
1027 3666 1159 3731 sathane
1189 3681 1220 3731 et
1249 3667 1401 3731 omnibus

408 3769 537 3852 pompis
554 3770 631 3834 eius.
644 3771 733 3833 Talis
744 3771 850 3856 itaque
860 3770 963 3834 finalis
971 3771 1244 3856 preponderancia
1253 3771 1401 3836 secularis
1452 3792 1460 3803 '

408 3872 561 3957 privilegii
585 3890 632 3937 est
655 3876 782 3960 signum
805 3875 968 3939 infallibile
992 3875 1127 3940 membri
1150 3874 1278 3955 diaboli,
1301 3889 1333 3938 et
1356 3877 1414 3941 sic·

447 4094 476 4138 u.
499 4096 521 4139 Α
542 4096 566 4141 ia
588 4108 677 4152 marga
700 4097 854 4153 Augustinus
962 4098 994 4144 ro'.
1015 4097 1045 4143 de
1065 4108 1155 4155 apaan
1176 4098 1199 4143 Α
1216 4097 1271 4144 hab.
1285 4070 1401 4145 nurum.

410 4165 441 4207 rS.
456 4166 485 4219 Α,
502 4178 565 4211 corr.
579 4165 651 4211 rutra
666 4173 766 4225 torquet.
873 4179 904 4213 er.
918 4169 940 4212 Α
951 4167 974 4212 ia
990 4179 1079 4223 ruere:
1094 4165 1213 4212 llundrur
1226 4166 1402 4224 preeminencie

408 4242 442 4278 est
456 4248 543 4291 sagena
558 4237 654 4281 diaboli.
761 4238 796 4283 ³³.
811 4237 832 4281 Α
846 4237 889 4294 hu
907 4237 1040 4282 lleurbraru
1054 4236 1151 4282 diaboll.

451 4410 476 4461 7.
495 4409 552 4462 cap.
565 4395 649 4448 XVlll
658 4394 691 4465 (i)
707 4397 760 4449 vid.
777 4397 848 4466 Opp.
861 4398 881 4464 l,
894 4397 945 4466 3²9
957 4413 1033 4467 seqq.
1142 4394 1181 4448 rb.
1195 4352 1267 4466 Opp.
1279 4395 1324 4462 Vl,
1342 4397 1403 4464 245.
