3262 5226
199 348 360 443 cnaxns]
587 371 632 425 oa
650 370 828 424 nccrsustn.
1348 358 1413 441 ²93

92 547 121 602 Ν
137 530 283 616 170·qnid
314 530 523 593 manducabit
553 530 603 593 vel
628 528 722 609 biber,
756 536 815 590 aut
835 526 998 610 quomodo
1021 527 1415 640 induorurwrnedsnepm·

205 635 287 698 sicut
308 633 432 699 solliciti
455 648 529 698 sunt
558 632 698 697 viventes
720 630 888 715 gentiliter,
916 631 1002 716 quia,
1025 645 1062 697 ut
1090 634 1192 717 arguit
1212 605 1414 745 30⁰3ka

205 760 261 824 per
283 739 392 802 locum
415 759 434 801 a
456 735 583 807 maiori:
604 735 637 800 Si
660 738 747 800 lleus
765 734 920 819 providet
937 746 1071 819 pastum
1099 740 1190 801 volu·
1216 752 1394 849 31:3⁸qu

205 843 317 908 eribus
339 842 452 907 celiel
475 851 695 926 legumentum
719 840 800 905 liliis
823 842 913 925 agri,
945 853 1068 926 quanto
1091 840 1414 927 magiseuerutrnum

182 946 390 1017 suomesticis
412 941 503 1010 fideii
524 946 555 1011 si
573 945 659 1009 enim
673 959 818 1030 tempore
832 944 910 1030 legis
924 944 1039 1010 veteris
1061 947 1191 1031 quando
1260 908 1350 963 mm

206 1053 315 1117 minus
336 1050 526 1115 suadebatur
547 1049 731 1132 elemosina,
753 1049 922 1114 Psalmista
948 1049 1043 1134 dicat,
1064 1051 1191 1115 Psalmo

206 1154 366 1236 xxxvle,
390 1155 446 1218 26:
476 1152 595 1217 Juuior
605 1154 678 1240 sui,
701 1154 818 1218 etenim
841 1155 937 1220 senui
966 1165 999 1219 et
1029 1175 1094 1218 uon
1127 1155 1193 1221 vidi

205 1262 327 1323 iustum
359 1257 548 1322 derelictum
581 1278 641 1323 nec
670 1279 779 1324 semen
802 1261 873 1325 eius
898 1279 1038 1343 querens
1055 1277 1192 1344 partem,

206 1377 330 1449 quanto
367 1362 440 1446 plus
475 1356 591 1426 hodie?
639 1363 748 1428 Tollat
785 1384 861 1447 ergo
899 1365 1000 1428 clerus
1037 1362 1193 1429 offensam

167 1465 331 1534 rodomini
354 1487 420 1530 non
443 1465 632 1530 declinando
653 1488 672 1531 a
694 1468 763 1551 lege
785 1489 854 1550 sua,
877 1468 958 1533 sicut
979 1468 1193 1535 communiter

207 1571 342 1636 iacimus
372 1569 547 1635 affectando
578 1570 756 1638 inordinate
796 1573 995 1658 voluptatem
1026 1587 1057 1637 et
1087 1571 1192 1638 curio·

207 1675 344 1759 sitalem,
375 1688 406 1740 et
437 1695 503 1740 nou
525 1689 573 1740 est
595 1677 818 1761 compossibile
851 1679 941 1763 quod
968 1678 1009 1742 ad
1030 1677 1190 1744 deteriori·

207 1780 355 1845 acioneut
387 1779 491 1845 desint
523 1779 615 1844 nobis
647 1781 820 1845 necessaria
855 1781 919 1846 vite
956 1795 1074 1865 nostre,
1117 1780 1193 1868 quia

208 1884 342 1951 Matthei
366 1886 435 1967 Vl⁰,
465 1885 515 1965 33,
537 1884 612 1948 dicit
634 1885 760 1951 veritas:
787 1887 922 1964 Querite
942 1906 1023 1972 ergo
1044 1888 1191 1971 primum

169 2003 199 2058 15
209 2010 349 2077 regnum
365 1990 430 2055 Dei
446 1999 477 2053 et
496 1989 653 2054 iusticiam
669 1993 749 2067 eius,
765 2000 797 2054 et
810 1991 868 2055 bec
887 1993 996 2055 ornnia
1011 1991 1193 2057 adicientur

211 2096 309 2162 uobis.
333 2093 537 2178 Privilegium
558 2108 665 2158 autem
682 2093 800 2161 Christi
823 2117 1013 2161 concessum
1028 2098 1114 2162 Luce
1136 2098 1191 2182 X0,

209 2202 273 2265 suis
302 2200 465 2286 discipulis
491 2214 539 2265 est
564 2200 703 2265 securius
725 2221 824 2286 quum
847 2201 1003 2266 cananei
1029 2201 1192 2267 concessio

211 2308 383 2387 mundana,
398 2326 473 2370 cum
488 2306 638 2369 dominus
653 2308 765 2370 mundi
782 2306 837 2393 qui
853 2306 980 2372 mentiri
994 2327 1061 2371 non
1075 2307 1193 2393 poterit

139 2412 253 2489 170⁸sic
284 2410 431 2496 precipit:
476 2410 515 2474 ln
548 2430 773 2495 quamcunque
804 2410 935 2476 domum
958 2409 1193 2478 intraveritis*

168 2516 253 2582 soibi
286 2527 413 2580 strauere
441 2516 568 2581 edentes
589 2527 619 2580 er
646 2515 785 2581 bibentes
807 2536 869 2601 que
891 2517 983 2602 apud
1004 2517 1079 2582 illos
1103 2528 1190 2584 sunt.

208 2622 271 2686 Sed
293 2621 446 2685 debemus
477 2642 584 2685 cavere
612 2620 744 2687 sollicite
772 2642 812 2686 ne
838 2621 1023 2687 amittamus
1044 2621 1106 2706 ltoc
1128 2622 1191 2707 pn‘·

208 2726 361 2811 vilegium
386 2746 441 2809 per
462 2725 607 2808 abusum,
623 2728 711 2811 quod
726 2725 762 2790 fit
777 2728 908 2811 quando
923 2741 1034 2792 contra
1050 2728 1191 2811 regulum

208 2845 239 2895 at
270 2831 371 2895 vitam
403 2829 538 2914 apostoli
571 2851 681 2894 sumus
712 2830 891 2914 hospitibus
923 2831 1061 2897 onerosi.
1098 2833 1191 2912 Quo·

209 2936 310 2999 modo
333 2955 409 3018 ergo
432 2947 493 2998 stnt
515 2955 589 2998 cum
611 2933 673 2998 fide
695 2949 726 2999 et
749 2935 901 3021 religione
920 2935 1089 3001 christiana
1102 2938 1191 3023 quod

167 3041 310 3104 sirletus
341 3038 559 3103 confederatus
589 3052 621 3103 et
650 3039 809 3122 obligatus
840 3041 964 3105 mundo
1000 3061 1058 3128 per
1092 3055 1191 3107 cartas

209 3147 281 3229 plus
304 3143 435 3208 confidit
457 3142 488 3206 in
511 3142 679 3208 dotatione
702 3164 947 3230 cesarea-quum
968 3145 1086 3227 divina,
1117 3164 1192 3212 cum

208 3250 295 3313 Luce
317 3249 415 3330 xxia,
448 3247 499 3330 34,
521 3247 671 3333 precipiat
697 3262 733 3313 ut
766 3270 934 3314 caveamus
956 3270 977 3314 a
1000 3249 1140 3335 crapula
1161 3259 1193 3317 ei

208 3355 300 3418 curis
331 3353 440 3416 seculi.
476 3352 516 3418 Et
547 3366 633 3436 patet
666 3374 703 3416 ex
734 3353 796 3417 fide
833 3352 985 3439 scripture
1022 3355 1191 3439 quomodo

208 3460 410 3523 observantes
441 3457 586 3521 ordinem
622 3458 713 3521 illum
744 3473 966 3544 preposterum
1001 3472 1077 3524 sunt
1107 3457 1189 3523 inse·

166 3561 364 3628 iocurissimi
395 3554 513 3646 quoad
531 3561 679 3626 homines
705 3575 737 3626 et
762 3565 872 3647 quoad
894 3563 1009 3631 Deum.
1054 3561 1191 3647 Oportet

207 3668 295 3731 enim
325 3665 431 3752 primo
462 3666 550 3750 quod
580 3666 753 3751 originetur
784 3666 817 3730 in
849 3667 918 3731 Deo
949 3666 1100 3732 securitas
1127 3686 1190 3752 que

207 3786 274 3837 non
305 3783 412 3857 potest
443 3769 566 3834 fundari
589 3769 649 3833 nisi
671 3769 704 3835 iu
727 3771 930 3836 observancia
952 3771 1032 3854 legis
1055 3791 1121 3839 sue.
1149 3772 1194 3837 Et·

244 4008 269 4053 9.
289 3997 313 4041 A
326 3994 454 4049 inmersa
468 3991 605 4039 Concluslo.
710 3991 744 4039 1⁶.
764 3994 787 4038 Α
805 3993 829 4037 lu
848 4004 935 4050 marga
955 3990 1018 4039 Nota
1036 3991 1189 4051 privilegius
1261 4037 1270 4052 f
1322 3964 1328 3973 Ι

206 4063 304 4111 cbristo
324 4073 448 4110 consuas.
551 4072 585 4118 η.
608 4063 630 4109 Α
650 4062 674 4108 ln
694 4072 780 4119 maran
803 4060 940 4109 &asinula
1045 4073 1081 4121 ²9·
1103 4063 1127 4108 Α
1143 4064 1189 4120 Ap
1245 4058 1257 4087 ·'

205 4142 327 4181 umentes
341 4131 458 4178 ordinem.
1067 4134 1072 4142 ·

250 4291 275 4344 3.
292 4291 385 4344 Matala.
403 4290 447 4356 Vl,
466 4288 577 4344 26-28.
685 4266 724 4362 ro.
742 4292 808 4345 Luc.
826 4291 872 4358 lx,
888 4309 921 4360 4..
