3262 5226
344 483 414 534 cnr.
424 465 478 560 vt]
722 482 770 539 ua
787 480 966 539 exausta

223 644 570 736 v147⁴iustificccione
591 651 621 707 et
646 640 905 727 glor'picacione,
932 654 1022 726 patet
1047 641 1138 728 quod
1168 656 1216 707 est
1248 645 1323 709 dare

336 748 621 833 correspondenter
636 746 676 810 ad
684 745 991 832 predestinacionem
1001 745 1059 812 Dei
1069 761 1213 812 eternam
1223 768 1323 815 uuam

334 852 640 943 predestinacionem
647 851 878 938 passivamque
888 850 1007 936 incepit
1019 850 1102 917 sicut
1112 850 1323 937 incepitesse,

335 959 455 1047 quod
446 971 506 1022 rste
530 970 577 1021 est
600 955 840 1040 predestinatus.
864 957 905 1021 Et
926 955 981 1019 illa
993 955 1225 1041 predestinacio
1247 979 1324 1026 cum

311 1065 374 1136 ssit
388 1062 578 1149 precipuum
592 1062 717 1125 donum
731 1058 789 1124 Dei
803 1058 978 1144 gratissime
994 1061 1116 1144 datum,
1132 1080 1208 1127 cum
1224 1084 1321 1129 nemo
1340 1075 1532 1126 Predesunauoe

1332 1128 1353 1173 la
1372 1128 1448 1175 God's
1467 1131 1538 1179 chief

335 1182 441 1256 potest
463 1165 576 1233 mereri
598 1185 689 1230 suam
721 1164 1038 1249 predestinacionem,
1070 1187 1110 1232 eo
1135 1170 1225 1254 quod
1256 1190 1323 1234 non
1340 1179 1393 1279 ‘5¹ss·
1398 1181 1534 1283 'amptr-

334 1286 440 1360 potest
475 1270 586 1334 inesse
615 1268 675 1332 nisi
707 1269 781 1333 insit
810 1268 917 1354 primo
954 1270 1083 1336 instanti
1106 1272 1324 1358 predestinati,
1358 1293 1464 1394 effi
1472 1288 1509 1386 a&

334 1379 407 1441 ideo
428 1389 516 1461 patet
537 1395 576 1439 ex
597 1372 761 1438 communi
782 1394 928 1439 sermone
951 1375 1037 1441 dicto
1059 1377 1100 1441 de
1116 1376 1220 1462 gracia
1234 1380 1325 1463 quod
1346 1349 1535 1489 pnlffifficsmee

264 1556 267 1561 ¹
335 1483 389 1547 illa
414 1479 644 1600 predestinacio
667 1492 714 1544 est
734 1478 837 1566 gracia
858 1480 1019 1566 precipua,
1051 1482 1107 1547 sed
1137 1482 1254 1548 dicitur
1283 1486 1325 1550 ad
1469 1451 1520 1491 m

296 1619 327 1658 ιο
336 1586 467 1674 aquurd
492 1586 572 1652 sicut
600 1584 744 1666 sciencia,
775 1583 925 1650 meritum
956 1601 988 1652 et
1018 1588 1121 1653 multa
1153 1586 1229 1653 talia
1260 1610 1325 1675 que

337 1707 491 1757 vocantur
512 1690 689 1777 qualitates.
712 1691 808 1754 Nulla
829 1690 915 1755 euim
937 1690 1072 1776 qualitas
1094 1706 1143 1758 est
1156 1713 1206 1758 res
1228 1694 1323 1760 abso·

335 1799 411 1881 luta,
433 1810 549 1882 potens
575 1816 632 1880 per
654 1815 688 1859 se
710 1794 849 1879 existere,
880 1811 910 1862 et
940 1795 987 1860 sic
1017 1795 1203 1861 conceditur
1232 1800 1324 1884 quod
1383 1778 1389 1795 ⁹

335 1923 401 1966 non
447 1915 553 1987 potest
591 1900 691 1984 perdi,
731 1920 806 1965 curn
845 1900 884 1966 sit
924 1898 1172 1967 fundamentum
1202 1902 1323 1987 glorifi-

336 2006 455 2071 cacioni
479 2007 528 2070 vel
558 2003 756 2087 beatitudini,
778 2025 841 2090 que
863 2025 921 2070 nec
943 2004 1044 2070 eciam
1082 2021 1189 2092 potest
1221 2007 1323 2093 perdi.

296 2112 420 2182 15Nam
441 2111 467 2176 si
490 2112 625 2176 alterum
647 2110 783 2175 istorum
808 2110 960 2196 perditur,
990 2110 1099 2197 ipsum
1130 2110 1203 2195 luit,
1234 2127 1267 2179 et
1296 2113 1324 2177 si

335 2237 478 2303 unquam
501 2215 569 2299 luit,
593 2236 668 2280 cum
695 2235 762 2278 non
798 2229 903 2300 potest
939 2237 1007 2281 esse
1043 2215 1223 2283 accidenter
1250 2238 1323 2304 pre·

334 2320 507 2386 destinatio
530 2322 579 2385 vel
595 2320 769 2396 beatitudo,
779 2319 885 2405 ipsum
894 2341 1020 2406 semper
1040 2321 1108 2405 erit,
1119 2335 1152 2387 et
1165 2342 1223 2407 pet
1245 2343 1323 2388 con·

333 2448 479 2513 sequens,
503 2448 569 2491 non
591 2425 742 2510 perditur,
764 2425 835 2490 ideo
858 2426 884 2491 si
898 2425 1051 2511 perditur,
1074 2446 1141 2491 non
1163 2407 1322 2512 perditur;

334 2547 365 2596 ct
386 2546 473 2616 patet
495 2532 536 2595 ad
557 2530 699 2616 primum
710 2529 833 2595 mirum.
892 2548 897 2569 ··

294 2656 325 2710 x
377 2638 453 2715 Quo
468 2638 508 2701 ad
531 2638 708 2699 secundum
734 2635 856 2718 dicitur,
878 2656 954 2700 cum
976 2655 1072 2700 nemo
1095 2637 1220 2707 dubitat
1243 2639 1321 2726 quin
1343 2659 1396 2707 Tu·
1409 2663 1531 2719 presan.

335 2741 427 2805 multi
455 2740 656 2826 predestinati
679 2755 848 2826 peccarunt
869 2741 1054 2826 mortaliter,
1088 2758 1156 2810 tam
1189 2762 1323 2832 peccato
1349 2721 1456 2814 ''irini''
1470 2717 1525 2830 5⁸¹¹

334 2846 479 2931 originali
494 2845 726 2932 quamactuali,
736 2860 771 2909 ut
785 2859 872 2931 patet
885 2846 925 2910 de
933 2846 1047 2930 David
1059 2849 1155 2914 Petro
1167 2865 1199 2917 et
1207 2851 1321 2935 Paulo,

334 2966 365 3017 et
374 2951 602 3036 predesunacro
611 2973 676 3015 non
687 2966 793 3037 potest
800 2951 913 3038 perdr
901 2967 991 3018 tuxta
1007 2953 1099 3039 dicta,
1115 2958 1323 3025 manifestum
1377 2977 1380 2982 '

97 988 113 1071 ,ὃ

334 3073 381 3122 est
390 3059 478 3144 quod
489 3057 592 3142 gracia
601 3056 880 3141 predestinacionis
888 3072 951 3124 stat
959 3076 1172 3146 cumpeccato
1182 3065 1322 3148 mortali,

293 3184 322 3236 25
333 3179 576 3248 verumptamen
598 3176 753 3249 repugnat
779 3178 908 3248 peccato
936 3163 969 3228 in
992 3165 1139 3252 spiritum
1164 3183 1322 3252 sanctum,

333 3270 416 3335 sicut
445 3271 549 3357 gracia
585 3268 709 3354 presciti
743 3269 917 3333 secundum
948 3285 1129 3355 presentem
1163 3273 1322 3341 iusticiam

335 3389 490 3461 repugnat
500 3372 814 3458 dampnacioni,licet
828 3389 1033 3460 aggregatum
1049 3396 1087 3439 ex
1103 3375 1155 3462 m!
1170 3379 1276 3464 gracia
1291 3393 1323 3446 et

333 3480 522 3565 prescicncia
538 3478 650 3542 inierat
674 3479 849 3565 necessario
869 3475 1138 3566 dampnacionem
1159 3479 1213 3571 (ut
1234 3498 1322 3570 patet

334 3584 489 3666 XXXHF,
520 3605 551 3668 q.
575 3596 696 3668 quarta,
737 3584 829 3649 Votis
859 3586 918 3667 ire,
946 3601 978 3650 et
1011 3586 1152 3671 capitulo
1175 3587 1320 3674 sequenti

292 3707 371 3761 30ex
393 3686 577 3755 testimonio
593 3687 788 3774 Augustini).
805 3690 896 3755 Unde
912 3691 1155 3756 concedendum
1169 3706 1218 3758 est
1231 3695 1321 3780 quod

334 3796 421 3859 Deus
452 3792 614 3860 infinitum
645 3797 717 3879 plus
755 3794 855 3881 diligit
890 3796 1024 3861 Petrum
1068 3798 1178 3883 quoad
1214 3820 1320 3867 morea

334 3900 434 3965 eciam
448 3899 529 3964 dum
551 3915 644 3984 negat
662 3920 747 3983 eum,
770 3921 867 3985 quam
880 3900 982 3987 diligit
1004 3901 1150 3968 Scariotls
1171 3903 1252 3968 dum
1274 3920 1322 3972 est

371 4142 392 4190 5,
411 4142 442 4187 Bt
462 4140 607 4201 principium
629 4140 728 4187 domiui.
789 4153 812 4202 7.
828 4140 861 4187 Αι
875 4141 921 4189 aial
936 4141 991 4189 nial.
1064 4155 1100 4203 η.
1122 4144 1157 4191 Ar
1175 4151 1317 4204 repangast.

333 4210 369 4258 ιδ.
384 4212 407 4259 Α
426 4213 471 4270 A„
493 4218 557 4272 patet
576 4210 651 4258 deest.
1244 4223 1249 4250 ἲ

328 4439 420 4496 ,aa
438 4424 511 4479 nen.
529 4424 561 4479 11.
578 4438 648 4493 pm,
666 4423 753 4479 cau·
770 4425 908 4502 xx111‚·q.
926 4424 1123 4501 ruettxut
1200 4473 1207 4488 .
1274 4477 1280 4488 .
