3262 5226
702 621 874 676 rotmarus
891 620 1042 674 wtcttr.
1222 601 1362 692 [caeru.

372 781 590 846 communicat
622 801 682 865 pro
714 778 853 861 mortali,
886 798 984 863 quam
1005 776 1253 873 communicare
1281 777 1476 846 nude150·0

374 885 579 969 corporaliter
601 904 677 948 cum
700 882 976 948 excommunicato
998 882 1106 945 solum
1121 882 1160 945 ab
1179 881 1321 946 bomine.

170 999 224 1046 The
243 1000 353 1047 eruerat
419 989 532 1054 Tercio
554 989 687 1054 miratur
710 988 859 1053 secularis
882 986 1011 1052 ecclesia
1033 987 1122 1072 quod
1146 985 1246 1050 clerus
1269 986 1393 1054 instato

155 1052 269 1111 privilege
278 1053 308 1100 ot
317 1054 366 1099 ln·

165 1106 356 1204 pompm
375 1114 448 1179 erga
469 1093 636 1158 brachium
658 1093 808 1174 seculare,
824 1090 870 1157 ⁴ut
891 1112 1004 1156 omnes
1026 1091 1294 1156 excommunicati
1316 1091 1365 1155 sui

157 1221 273 1308 ssss‘ffl,
281 1209 366 1306 appete
375 1218 432 1283 per
452 1198 661 1283 quadraginta
676 1198 754 1281 dies,
775 1195 893 1263 rema*
903 1211 1013 1263 nentes
1028 1218 1047 1259 a
1062 1195 1192 1281 prelatis
1206 1217 1290 1282 quos
1306 1195 1365 1280 ipsi
1379 1207 1440 1264 150⁸

329 1273 366 1321 η’
376 1301 565 1385 signaverint
592 1323 660 1366 non
683 1303 792 1385 soluti,
825 1302 1048 1387 mancipentur
1076 1301 1191 1367 carceri
1223 1299 1366 1382 seculari,

374 1425 544 1492 quousque
581 1408 762 1471 secundum
797 1428 912 1472 eorum
948 1407 1112 1472 arbitrium
1149 1405 1365 1487 satisfecerint,

374 1523 663 1596 quantumcunque
703 1510 878 1596 sophistice
920 1512 985 1576 sint
1019 1509 1116 1598 ligati.
1162 1511 1237 1574 Non
1279 1508 1365 1573 enim

375 1628 513 1679 meretur
534 1636 650 1680 eorum
665 1615 861 1702 ingratitudo
883 1616 945 1680 tale
961 1616 1151 1696 subsidium,
1166 1635 1241 1679 curn
1257 1613 1364 1696 regula

375 1717 449 1782 iuris
484 1718 581 1782 divini
615 1720 792 1785 sentenciat
828 1721 918 1806 quod
949 1721 1163 1805 privilegium
1202 1717 1363 1784 indultum
1377 1747 1409 1786 ιο

374 1832 502 1888 tenetur
522 1826 674 1889 amittere
696 1826 755 1910 qui
776 1826 841 1890 sibi
862 1845 1016 1890 concessa
1031 1826 1179 1889 obutttur
1195 1832 1364 1908 potestate.

375 1929 502 1992 Abusus
524 1949 601 2013 ergo
625 1930 759 1994 tendens
774 1931 815 1994 ad
830 1930 1072 1995 enervationem
1092 1930 1180 2014 regni
1196 1944 1228 1994 et
1242 1929 1366 1993 bonum

375 2033 533 2117 privatum
555 2034 646 2098 bono
669 2035 836 2100 communi
859 2036 1097 2120 preponderans
1119 2048 1259 2098 meretur
1280 2032 1366 2096 abla-

375 2137 502 2202 cionem
523 2137 680 2224 privilegii
704 2139 750 2203 sic
772 2137 874 2204 abusi.

418 2241 458 2306 Et
482 2242 598 2308 iterum
613 2242 741 2308 videtur
755 2243 879 2308 clerum
902 2257 968 2307 tam
1000 2242 1111 2308 leviter
1133 2256 1165 2306 et
1197 2241 1402 2308 incircum-P

375 2361 480 2431 specte
503 2348 839 2415 excommunicantem
867 2349 1027 2412 involvere
1058 2347 1214 2412 seculares
1245 2347 1278 2410 in
1309 2368 1367 2412 sua

375 2451 709 2516 excommunicacione
726 2473 869 2535 erronea,
893 2474 968 2517 cum
984 2473 1021 2516 ex
1037 2473 1150 2517 eorum
1165 2453 1282 2517 ducatu
1293 2472 1367 2536 sepe

374 2576 430 2639 per
467 2555 563 2620 talem
599 2557 972 2623 excommunicacionem
1008 2571 1190 2642 protensam
1227 2556 1368 2642 puniunt

374 2659 569 2743 innocentes,
612 2677 644 2727 ct
680 2682 738 2747 per
772 2682 983 2747 consequens,
1019 2683 1094 2727 cum
1129 2682 1188 2726 nec
1219 2673 1366 2725 tenentur
1376 2685 1410 2723 20

374 2765 496 2828 credere
512 2767 602 2850 quod
617 2786 732 2832 eorum
747 2767 889 2852 quelibet
904 2765 1197 2831 excommunicacio
1213 2766 1253 2830 sit
1272 2765 1365 2847 iusta,

375 2888 432 2933 nec
447 2889 483 2932 ex
507 2868 568 2935 lide
584 2872 738 2956 scripture
753 2874 803 2937 uel
820 2873 946 2937 racione
969 2887 1116 2937 tenentur
1131 2872 1258 2936 obedire
1281 2871 1365 2936 clero

156 2973 406 3082 egfffitluviffiltin
425 2973 484 3038 ista
507 2974 757 3041 incarceratione
780 2976 896 3059 servili,
917 2977 1041 3041 videtur
1056 2997 1093 3040 ex
1108 2976 1223 3041 timore
1246 2977 1365 3060 peccati

264 3048 280 3094 t
346 3065 546 3142 'consensus
569 3082 659 3165 quod
682 3103 749 3146 non
778 3081 896 3145 debent
927 3095 1000 3145 ante
1026 3080 1203 3166 legitimam
1248 3080 1366 3144 exami-

375 3183 541 3247 nacionem
556 3204 651 3248 cause
674 3200 705 3250 et
722 3185 825 3249 lorme
841 3184 1185 3249 excommunicacionis
1200 3184 1366 3269 punicioni
1377 3194 1409 3249 25

373 3286 557 3353 huiusmodi
573 3290 764 3354 consentire.
790 3289 877 3354 Cum
893 3290 979 3353 enim
995 3289 1079 3354 racio
1103 3288 1259 3373 scripture
1281 3309 1368 3353 sacre

373 3392 412 3457 sit
435 3394 577 3477 optimus
608 3394 719 3479 legum
752 3395 916 3479 interpres,
944 3407 1031 3478 patet
1053 3395 1143 3478 quod
1170 3392 1367 3456 adiutorium

373 3499 567 3583 promissum
589 3519 609 3562 a
631 3498 828 3583 principibus
857 3500 889 3561 in
919 3500 977 3562 bac
999 3512 1087 3582 parte
1115 3498 1209 3562 debet
1236 3496 1367 3581 intelligi

376 3623 450 3667 cum
466 3603 654 3667 condicione
677 3604 766 3689 quod
782 3603 852 3667 talis
874 3602 1081 3667 incarceracio
1103 3603 1144 3666 sit
1168 3602 1208 3665 de
1231 3622 1367 3665 numero

374 3728 508 3793 operum
524 3708 699 3772 elemosine
715 3728 775 3793 pro
797 3708 914 3794 quibus
936 3707 1104 3791 punientes
1127 3707 1256 3771 suntin
1280 3705 1366 3769 finali
1377 3693 1410 3766 3o

374 3812 491 3876 iudicio
507 3812 695 3896 premiandi.
712 3813 775 3876 Sed
791 3826 949 3876 scrutetur
965 3810 1064 3875 fidelis
1075 3812 1275 3895 evangelium
1284 3811 1365 3875 Mat·

375 3915 437 3980 thei
453 3916 557 3980 XXV⁰
580 3930 612 3980 et
626 3917 733 3980 videat
748 3917 774 3979 si
790 3916 1000 3980 incarceracio
1015 3915 1368 3980 excommunicatorum

375 4020 488 4084 iniuste
503 4021 535 4083 in
552 4020 663 4106 aliquo
681 4042 817 4106 operum
835 4019 1049 4083 misericordie
1064 4018 1104 4081 sit
1120 4031 1279 4081 contenta.
1300 4019 1366 4084 Nec

375 4124 554 4209 ignorancia
571 4140 702 4190 excusat
718 4125 904 4210 simpliciter
923 4143 963 4187 ne
978 4137 1136 4208 peccetur,
1161 4143 1235 4186 cum
1249 4121 1367 4186 Paulus

375 4249 412 4292 ex
426 4229 608 4314 ignorancia
622 4230 763 4293 veritatis
778 4228 932 4312 scripture
947 4225 1108 4291 commisit
1125 4225 1367 4311 blasphemiam,
1378 4231 1411 4287 35

413 4425 430 4459 t.
454 4413 488 4459 lli
507 4427 550 4472 pro
564 4415 712 4462 mortalibus.
820 4413 841 4461 3.
865 4413 899 4460 De
922 4415 1043 4473 quomodo
1061 4415 1147 4461 eleros.
1253 4425 1277 4467 4.
1300 4414 1324 4460 tt
1342 4413 1366 4461 la

375 4496 462 4542 mares
477 4484 601 4531 amentum
615 4487 730 4532 seculare
838 4497 859 4541 7.
875 4484 908 4530 Dr
928 4483 1098 4531 satisfecerunt.
1205 4481 1238 4530 25.
1252 4480 1284 4526 lis
1297 4483 1367 4540 paol-

375 4554 457 4600 cienis.
562 4553 596 4600 ³5.
611 4555 634 4600 Α
648 4555 673 4601 ln
687 4567 779 4612 marga
792 4555 933 4613 innocencie
947 4566 994 4600 oon
1008 4561 1112 4601 ueneat.
