<?xml version="1.0" encoding="UTF-8"?>
<!DOCTYPE html PUBLIC "-//W3C//DTD XHTML 1.0 Transitional//EN"
    "http://www.w3.org/TR/xhtml1/DTD/xhtml1-transitional.dtd">
<html xmlns="http://www.w3.org/1999/xhtml" xml:lang="en" lang="en">
 <head>
  <title>
</title>
<meta http-equiv="Content-Type" content="text/html;charset=utf-8" />
  <meta name='ocr-system' content='tesseract 3.04.00' />
  <meta name='ocr-capabilities' content='ocr_page ocr_carea ocr_par ocr_line ocrx_word'/>
</head>
<body>
  <div class='ocr_page' id='page_1' title='image "./iohanniswyclift00mattgoog_0516.png"; bbox 0 0 3262 5226; ppageno 0'>
   <div class='ocr_carea' id='block_1_1' title="bbox 401 586 1147 677">
    <p class='ocr_par' dir='ltr' id='par_1_1' title="bbox 401 586 1147 677">
     <span class='ocr_line' id='line_1_1' title="bbox 401 586 1147 677; baseline -0.007 -17"><span class='ocrx_word' id='word_1_1' title='bbox 401 594 404 598; x_wconf 65' lang='lat'>‘</span> <span class='ocrx_word' id='word_1_2' title='bbox 480 609 649 661; x_wconf 81' lang='lat' dir='ltr'><em>rottnttuts</em></span> <span class='ocrx_word' id='word_1_3' title='bbox 667 608 814 661; x_wconf 79' lang='lat' dir='ltr'><em>wvcmr.</em></span> <span class='ocrx_word' id='word_1_4' title='bbox 997 586 1078 677; x_wconf 75' lang='lat' dir='ltr'><em>[car.</em></span> <span class='ocrx_word' id='word_1_5' title='bbox 1098 603 1147 649; x_wconf 84' lang='lat' dir='ltr'><em>xx.</em></span> 
     </span>
    </p>
   </div>
   <div class='ocr_carea' id='block_1_2' title="bbox 113 764 1373 3985">
    <p class='ocr_par' dir='ltr' id='par_1_2' title="bbox 157 764 1373 1058">
     <span class='ocr_line' id='line_1_2' title="bbox 158 764 1373 853; baseline 0.001 -22"><span class='ocrx_word' id='word_1_6' title='bbox 158 767 312 853; x_wconf 80' lang='lat' dir='ltr'><em>quidquid</em></span> <span class='ocrx_word' id='word_1_7' title='bbox 325 786 424 830; x_wconf 82' lang='lat' dir='ltr'><em>carne</em></span> <span class='ocrx_word' id='word_1_8' title='bbox 440 787 624 850; x_wconf 79' lang='lat' dir='ltr'><em>operamur,</em></span> <span class='ocrx_word' id='word_1_9' title='bbox 639 776 686 830; x_wconf 89' lang='lat' dir='ltr'><em>cst</em></span> <span class='ocrx_word' id='word_1_10' title='bbox 708 786 729 828; x_wconf 89' lang='lat' dir='ltr'><em>a</em></span> <span class='ocrx_word' id='word_1_11' title='bbox 745 765 861 828; x_wconf 85' lang='lat' dir='ltr'><em>dextra</em></span> <span class='ocrx_word' id='word_1_12' title='bbox 875 765 1044 829; x_wconf 79' lang='lat' dir='ltr'><em>sensibile:</em></span> <span class='ocrx_word' id='word_1_13' title='bbox 1057 764 1147 847; x_wconf 85' lang='lat' dir='ltr'><em>quid·</em></span> <span class='ocrx_word' id='word_1_14' title='bbox 1161 795 1206 848; x_wconf 70' lang='lat'><em>¹94</em></span> <span class='ocrx_word' id='word_1_15' title='bbox 1233 780 1259 832; x_wconf 74' lang='grc' dir='ltr'>Ε</span> <span class='ocrx_word' id='word_1_16' title='bbox 1355 801 1373 837; x_wconf 68' lang='lat'>4</span> 
     </span>
     <span class='ocr_line' id='line_1_3' title="bbox 157 867 1365 957; baseline -0.006 -21"><span class='ocrx_word' id='word_1_17' title='bbox 157 872 235 956; x_wconf 83' lang='lat' dir='ltr'><em>quid</em></span> <span class='ocrx_word' id='word_1_18' title='bbox 248 871 376 957; x_wconf 79' lang='lat' dir='ltr'><em>spiritu,</em></span> <span class='ocrx_word' id='word_1_19' title='bbox 386 870 419 933; x_wconf 90' lang='lat' dir='ltr'><em>in</em></span> <span class='ocrx_word' id='word_1_20' title='bbox 430 880 560 936; x_wconf 85' lang='lat' dir='ltr'><em>secreto.</em></span> <span class='ocrx_word' id='word_1_21' title='bbox 572 869 709 955; x_wconf 81' lang='lat' dir='ltr'>Oportet</span> <span class='ocrx_word' id='word_1_22' title='bbox 718 889 795 953; x_wconf 90' lang='lat' dir='ltr'><em>ergo</em></span> <span class='ocrx_word' id='word_1_23' title='bbox 810 869 892 932; x_wconf 91' lang='lat' dir='ltr'><em>hanc</em></span> <span class='ocrx_word' id='word_1_24' title='bbox 904 867 1058 932; x_wconf 77' lang='lat' dir='ltr'><em>laminam</em></span> <span class='ocrx_word' id='word_1_25' title='bbox 1073 889 1148 931; x_wconf 92' lang='lat' dir='ltr'><em>cum</em></span> <span class='ocrx_word' id='word_1_26' title='bbox 1357 868 1365 889; x_wconf 85' lang='lat'><em>¹</em></span> 
     </span>
     <span class='ocr_line' id='line_1_4' title="bbox 158 972 1148 1058; baseline -0.004 -19"><span class='ocrx_word' id='word_1_27' title='bbox 158 997 215 1041; x_wconf 90' lang='lat' dir='ltr'><em>sua</em></span> <span class='ocrx_word' id='word_1_28' title='bbox 231 974 349 1039; x_wconf 84' lang='lat' dir='ltr'><em>lumilia</em></span> <span class='ocrx_word' id='word_1_29' title='bbox 367 974 456 1038; x_wconf 89' lang='lat' dir='ltr'><em>indui</em></span> <span class='ocrx_word' id='word_1_30' title='bbox 473 973 534 1037; x_wconf 91' lang='lat' dir='ltr'><em>hoc</em></span> <span class='ocrx_word' id='word_1_31' title='bbox 554 973 719 1058; x_wconf 88' lang='lat' dir='ltr'><em>geminum</em></span> <span class='ocrx_word' id='word_1_32' title='bbox 741 972 982 1037; x_wconf 89' lang='lat' dir='ltr'><em>vestimentum.</em></span> <span class='ocrx_word' id='word_1_33' title='bbox 1009 972 1148 1057; x_wconf 80' lang='lat' dir='ltr'><em>operari</em></span> 
     </span>
    </p>

    <p class='ocr_par' dir='ltr' id='par_1_3' title="bbox 113 1077 1147 1164">
     <span class='ocr_line' id='line_1_5' title="bbox 113 1077 1147 1164; baseline 0.002 -26"><span class='ocrx_word' id='word_1_34' title='bbox 113 1106 136 1138; x_wconf 70' lang='lat' dir='ltr'><em>e·</em></span> <span class='ocrx_word' id='word_1_35' title='bbox 156 1091 264 1144; x_wconf 84' lang='lat' dir='ltr'><em>nutem</em></span> <span class='ocrx_word' id='word_1_36' title='bbox 275 1099 374 1144; x_wconf 79' lang='lat' dir='ltr'><em>carrae</em></span> <span class='ocrx_word' id='word_1_37' title='bbox 382 1089 413 1142; x_wconf 89' lang='grc' dir='ltr'><em>ει</em></span> <span class='ocrx_word' id='word_1_38' title='bbox 422 1100 483 1142; x_wconf 93' lang='lat' dir='ltr'><em>non</em></span> <span class='ocrx_word' id='word_1_39' title='bbox 492 1079 609 1163; x_wconf 81' lang='lat' dir='ltr'><em>spiritu</em></span> <span class='ocrx_word' id='word_1_40' title='bbox 618 1081 763 1164; x_wconf 79' lang='lat' dir='ltr'><em>quamuis</em></span> <span class='ocrx_word' id='word_1_41' title='bbox 773 1080 891 1142; x_wconf 88' lang='lat' dir='ltr'><em>bonum</em></span> <span class='ocrx_word' id='word_1_42' title='bbox 901 1077 1059 1156; x_wconf 84' lang='lat' dir='ltr'><em>videntur,</em></span> <span class='ocrx_word' id='word_1_43' title='bbox 1071 1079 1147 1141; x_wconf 85' lang='lat' dir='ltr'><em>utile</em></span> 
     </span>
    </p>

    <p class='ocr_par' dir='ltr' id='par_1_4' title="bbox 114 1167 1191 2630">
     <span class='ocr_line' id='line_1_6' title="bbox 114 1167 1171 1268; baseline 0 -20"><span class='ocrx_word' id='word_1_44' title='bbox 114 1167 125 1180; x_wconf 60' lang='lat'>⁸</span> <span class='ocrx_word' id='word_1_45' title='bbox 158 1196 266 1249; x_wconf 83' lang='lat' dir='ltr'><em>tamen</em></span> <span class='ocrx_word' id='word_1_46' title='bbox 283 1204 345 1248; x_wconf 89' lang='lat' dir='ltr'><em>non</em></span> <span class='ocrx_word' id='word_1_47' title='bbox 361 1194 418 1250; x_wconf 88' lang='lat' dir='ltr'><em>est.</em></span> <span class='ocrx_word' id='word_1_48' title='bbox 439 1182 581 1268; x_wconf 79' lang='lat' dir='ltr'><em>operari</em></span> <span class='ocrx_word' id='word_1_49' title='bbox 595 1203 671 1248; x_wconf 77' lang='lat' dir='ltr'><em>vero</em></span> <span class='ocrx_word' id='word_1_50' title='bbox 687 1185 803 1268; x_wconf 80' lang='lat' dir='ltr'><em>spirita</em></span> <span class='ocrx_word' id='word_1_51' title='bbox 819 1193 849 1247; x_wconf 95' lang='grc' dir='ltr'><em>ει</em></span> <span class='ocrx_word' id='word_1_52' title='bbox 864 1204 930 1247; x_wconf 92' lang='lat' dir='ltr'><em>non</em></span> <span class='ocrx_word' id='word_1_53' title='bbox 956 1201 1056 1247; x_wconf 71' lang='lat' dir='ltr'><em>carate</em></span> <span class='ocrx_word' id='word_1_54' title='bbox 1070 1183 1171 1268; x_wconf 80' lang='lat' dir='ltr'><em>pig-5</em></span> 
     </span>
     <span class='ocr_line' id='line_1_7' title="bbox 158 1286 1146 1373; baseline -0.006 -19"><span class='ocrx_word' id='word_1_55' title='bbox 158 1311 271 1354; x_wconf 86' lang='lat' dir='ltr'><em>rorum</em></span> <span class='ocrx_word' id='word_1_56' title='bbox 287 1299 354 1367; x_wconf 86' lang='lat' dir='ltr'><em>est,·</em></span> <span class='ocrx_word' id='word_1_57' title='bbox 368 1308 443 1351; x_wconf 88' lang='lat' dir='ltr'><em>nam</em></span> <span class='ocrx_word' id='word_1_58' title='bbox 460 1286 540 1352; x_wconf 76' lang='lat' dir='ltr'><em>doris</em></span> <span class='ocrx_word' id='word_1_59' title='bbox 557 1289 763 1352; x_wconf 79' lang='lat' dir='ltr'><em>elemosinam</em></span> <span class='ocrx_word' id='word_1_60' title='bbox 782 1308 848 1373; x_wconf 79' lang='lat' dir='ltr'><em>pro</em></span> <span class='ocrx_word' id='word_1_61' title='bbox 869 1286 969 1351; x_wconf 86' lang='lat' dir='ltr'><em>laude</em></span> <span class='ocrx_word' id='word_1_62' title='bbox 983 1288 1146 1350; x_wconf 85' lang='lat' dir='ltr'><em>bominum</em></span> 
     </span>
     <span class='ocr_line' id='line_1_8' title="bbox 158 1390 1147 1476; baseline -0.003 -19"><span class='ocrx_word' id='word_1_63' title='bbox 158 1394 278 1459; x_wconf 83' lang='lat' dir='ltr'><em>nudam</em></span> <span class='ocrx_word' id='word_1_64' title='bbox 294 1402 412 1458; x_wconf 77' lang='lat' dir='ltr'><em>vestem</em></span> <span class='ocrx_word' id='word_1_65' title='bbox 431 1391 555 1456; x_wconf 79' lang='lat' dir='ltr'><em>uidetur</em></span> <span class='ocrx_word' id='word_1_66' title='bbox 569 1392 672 1469; x_wconf 86' lang='lat' dir='ltr'><em>indui,</em></span> <span class='ocrx_word' id='word_1_67' title='bbox 687 1394 771 1456; x_wconf 88' lang='lat' dir='ltr'><em>sicut</em></span> <span class='ocrx_word' id='word_1_68' title='bbox 786 1392 894 1457; x_wconf 87' lang='lat' dir='ltr'><em>dicens</em></span> <span class='ocrx_word' id='word_1_69' title='bbox 914 1392 978 1456; x_wconf 91' lang='lat' dir='ltr'><em>sibi</em></span> <span class='ocrx_word' id='word_1_70' title='bbox 997 1390 1147 1476; x_wconf 78' lang='lat' dir='ltr'><em>sufficere</em></span> 
     </span>
     <span class='ocr_line' id='line_1_9' title="bbox 157 1494 1148 1581; baseline -0.005 -19"><span class='ocrx_word' id='word_1_71' title='bbox 157 1500 190 1562; x_wconf 90' lang='lat' dir='ltr'><em>in</em></span> <span class='ocrx_word' id='word_1_72' title='bbox 212 1497 411 1563; x_wconf 79' lang='lat' dir='ltr'><em>consciencia</em></span> <span class='ocrx_word' id='word_1_73' title='bbox 436 1516 498 1561; x_wconf 83' lang='lat' dir='ltr'><em>sua</em></span> <span class='ocrx_word' id='word_1_74' title='bbox 518 1497 625 1561; x_wconf 86' lang='lat' dir='ltr'><em>Deum</em></span> <span class='ocrx_word' id='word_1_75' title='bbox 652 1498 768 1575; x_wconf 89' lang='lat' dir='ltr'><em>colere,</em></span> <span class='ocrx_word' id='word_1_76' title='bbox 795 1517 854 1561; x_wconf 91' lang='lat' dir='ltr'><em>nec</em></span> <span class='ocrx_word' id='word_1_77' title='bbox 874 1496 963 1581; x_wconf 86' lang='lat' dir='ltr'><em>quod</em></span> <span class='ocrx_word' id='word_1_78' title='bbox 990 1495 1081 1561; x_wconf 87' lang='lat' dir='ltr'><em>debet</em></span> <span class='ocrx_word' id='word_1_79' title='bbox 1104 1494 1148 1558; x_wconf 88' lang='lat' dir='ltr'><em>nd</em></span> 
     </span>
     <span class='ocr_line' id='line_1_10' title="bbox 159 1600 1147 1666; baseline -0.003 0"><span class='ocrx_word' id='word_1_80' title='bbox 159 1603 324 1666; x_wconf 86' lang='lat' dir='ltr'><em>ecclesiam</em></span> <span class='ocrx_word' id='word_1_81' title='bbox 347 1603 396 1666; x_wconf 89' lang='lat' dir='ltr'><em>ire</em></span> <span class='ocrx_word' id='word_1_82' title='bbox 414 1602 466 1665; x_wconf 86' lang='lat' dir='ltr'><em>vel</em></span> <span class='ocrx_word' id='word_1_83' title='bbox 478 1603 593 1666; x_wconf 86' lang='lat' dir='ltr'><em>celeris</em></span> <span class='ocrx_word' id='word_1_84' title='bbox 607 1602 794 1666; x_wconf 81' lang='lat' dir='ltr'><em>christianis</em></span> <span class='ocrx_word' id='word_1_85' title='bbox 808 1602 934 1665; x_wconf 84' lang='lat' dir='ltr'><em>actibus</em></span> <span class='ocrx_word' id='word_1_86' title='bbox 944 1600 1147 1664; x_wconf 80' lang='lat' dir='ltr'><em>sensibilibus</em></span> 
     </span>
     <span class='ocr_line' id='line_1_11' title="bbox 158 1705 1191 1793; baseline 0 -23"><span class='ocrx_word' id='word_1_87' title='bbox 158 1707 342 1771; x_wconf 85' lang='lat' dir='ltr'><em>immisceri.</em></span> <span class='ocrx_word' id='word_1_88' title='bbox 379 1707 475 1783; x_wconf 84' lang='lat' dir='ltr'><em>Talis,</em></span> <span class='ocrx_word' id='word_1_89' title='bbox 503 1706 606 1791; x_wconf 89' lang='lat' dir='ltr'><em>inquit</em></span> <span class='ocrx_word' id='word_1_90' title='bbox 635 1706 845 1793; x_wconf 81' lang='lat' dir='ltr'><em>Augustinus,</em></span> <span class='ocrx_word' id='word_1_91' title='bbox 874 1705 998 1769; x_wconf 74' lang='lat' dir='ltr'><em>trudam</em></span> <span class='ocrx_word' id='word_1_92' title='bbox 1029 1716 1145 1770; x_wconf 77' lang='lat' dir='ltr'><em>uestem</em></span> <span class='ocrx_word' id='word_1_93' title='bbox 1160 1735 1191 1772; x_wconf 83' lang='grc' dir='ltr'><em>ιο</em></span> 
     </span>
     <span class='ocr_line' id='line_1_12' title="bbox 158 1809 1149 1894; baseline 0.001 -21"><span class='ocrx_word' id='word_1_94' title='bbox 158 1812 275 1874; x_wconf 87' lang='lat' dir='ltr'><em>lineam</em></span> <span class='ocrx_word' id='word_1_95' title='bbox 288 1812 354 1874; x_wconf 83' lang='lat' dir='ltr'><em>nult</em></span> <span class='ocrx_word' id='word_1_96' title='bbox 368 1811 493 1875; x_wconf 85' lang='lat' dir='ltr'><em>babere.</em></span> <span class='ocrx_word' id='word_1_97' title='bbox 503 1812 577 1875; x_wconf 92' lang='lat' dir='ltr'><em>Non</em></span> <span class='ocrx_word' id='word_1_98' title='bbox 588 1811 631 1875; x_wconf 90' lang='lat' dir='ltr'><em>sic</em></span> <span class='ocrx_word' id='word_1_99' title='bbox 641 1813 735 1876; x_wconf 88' lang='lat' dir='ltr'><em>docet</em></span> <span class='ocrx_word' id='word_1_100' title='bbox 744 1811 802 1875; x_wconf 90' lang='lat' dir='ltr'><em>hec</em></span> <span class='ocrx_word' id='word_1_101' title='bbox 812 1811 939 1894; x_wconf 81' lang='lat' dir='ltr'><em>mulier,</em></span> <span class='ocrx_word' id='word_1_102' title='bbox 949 1811 1003 1874; x_wconf 87' lang='lat' dir='ltr'><em>sed</em></span> <span class='ocrx_word' id='word_1_103' title='bbox 1014 1809 1149 1874; x_wconf 88' lang='lat' dir='ltr'><em>instituit</em></span> 
     </span>
     <span class='ocr_line' id='line_1_13' title="bbox 158 1914 1147 2001; baseline -0.002 -23"><span class='ocrx_word' id='word_1_104' title='bbox 158 1915 254 1979; x_wconf 89' lang='lat' dir='ltr'><em>simul</em></span> <span class='ocrx_word' id='word_1_105' title='bbox 276 1916 450 1979; x_wconf 90' lang='lat' dir='ltr'><em>secundum</em></span> <span class='ocrx_word' id='word_1_106' title='bbox 470 1915 591 1999; x_wconf 78' lang='lat' dir='ltr'><em>praxim</em></span> <span class='ocrx_word' id='word_1_107' title='bbox 612 1931 643 1980; x_wconf 92' lang='lat' dir='ltr'><em>et</em></span> <span class='ocrx_word' id='word_1_108' title='bbox 664 1916 838 1981; x_wconf 91' lang='lat' dir='ltr'><em>theoricam</em></span> <span class='ocrx_word' id='word_1_109' title='bbox 857 1914 993 2001; x_wconf 86' lang='lat' dir='ltr'><em>operati,</em></span> <span class='ocrx_word' id='word_1_110' title='bbox 1013 1936 1088 1979; x_wconf 90' lang='lat' dir='ltr'><em>nam</em></span> <span class='ocrx_word' id='word_1_111' title='bbox 1108 1915 1147 1976; x_wconf 91' lang='lat' dir='ltr'><em>ad</em></span> 
     </span>
     <span class='ocr_line' id='line_1_14' title="bbox 158 2019 1146 2104; baseline -0.001 -22"><span class='ocrx_word' id='word_1_112' title='bbox 158 2021 220 2083; x_wconf 89' lang='lat' dir='ltr'><em>hoc</em></span> <span class='ocrx_word' id='word_1_113' title='bbox 230 2019 376 2103; x_wconf 81' lang='lat' dir='ltr'><em>colligere</em></span> <span class='ocrx_word' id='word_1_114' title='bbox 392 2021 542 2083; x_wconf 84' lang='lat' dir='ltr'><em>debemus</em></span> <span class='ocrx_word' id='word_1_115' title='bbox 557 2021 617 2085; x_wconf 85' lang='lat' dir='ltr'><em>hos</em></span> <span class='ocrx_word' id='word_1_116' title='bbox 632 2021 767 2104; x_wconf 87' lang='lat' dir='ltr'><em>habitus,</em></span> <span class='ocrx_word' id='word_1_117' title='bbox 784 2034 820 2085; x_wconf 91' lang='lat' dir='ltr'><em>ut</em></span> <span class='ocrx_word' id='word_1_118' title='bbox 838 2020 975 2084; x_wconf 89' lang='lat' dir='ltr'><em>consilio</em></span> <span class='ocrx_word' id='word_1_119' title='bbox 992 2040 1146 2083; x_wconf 91' lang='lat' dir='ltr'><em>manuum</em></span> 
     </span>
     <span class='ocr_line' id='line_1_15' title="bbox 157 2116 1147 2211; baseline -0.002 -23"><span class='ocrx_word' id='word_1_120' title='bbox 157 2125 449 2209; x_wconf 80' lang='lat' dir='ltr'><em>operemur.Virtus</em></span> <span class='ocrx_word' id='word_1_121' title='bbox 459 2125 544 2189; x_wconf 91' lang='lat' dir='ltr'><em>enim</em></span> <span class='ocrx_word' id='word_1_122' title='bbox 554 2116 728 2189; x_wconf 78' lang='lat' dir='ltr'><em>secu&#39;ndum</em></span> <span class='ocrx_word' id='word_1_123' title='bbox 738 2125 954 2211; x_wconf 86' lang='lat' dir='ltr'><em>philosophos</em></span> <span class='ocrx_word' id='word_1_124' title='bbox 964 2137 1011 2188; x_wconf 85' lang='lat' dir='ltr'><em>est</em></span> <span class='ocrx_word' id='word_1_125' title='bbox 1019 2136 1147 2209; x_wconf 87' lang='lat' dir='ltr'><em>propter</em></span> 
     </span>
     <span class='ocr_line' id='line_1_16' title="bbox 158 2228 1188 2317; baseline 0 -24"><span class='ocrx_word' id='word_1_126' title='bbox 158 2250 266 2314; x_wconf 86' lang='lat' dir='ltr'><em>opera,</em></span> <span class='ocrx_word' id='word_1_127' title='bbox 289 2244 320 2293; x_wconf 89' lang='lat' dir='ltr'><em>et</em></span> <span class='ocrx_word' id='word_1_128' title='bbox 341 2228 414 2292; x_wconf 90' lang='lat' dir='ltr'><em>hinc</em></span> <span class='ocrx_word' id='word_1_129' title='bbox 437 2229 566 2294; x_wconf 79' lang='lat' dir='ltr'><em>felicitas</em></span> <span class='ocrx_word' id='word_1_130' title='bbox 589 2230 734 2295; x_wconf 83' lang='lat' dir='ltr'><em>consistit</em></span> <span class='ocrx_word' id='word_1_131' title='bbox 756 2231 789 2294; x_wconf 91' lang='lat' dir='ltr'><em>in</em></span> <span class='ocrx_word' id='word_1_132' title='bbox 813 2245 886 2294; x_wconf 89' lang='lat' dir='ltr'><em>actu</em></span> <span class='ocrx_word' id='word_1_133' title='bbox 909 2231 960 2315; x_wconf 84' lang='lat' dir='ltr'><em>vel</em></span> <span class='ocrx_word' id='word_1_134' title='bbox 975 2248 1089 2317; x_wconf 87' lang='lat' dir='ltr'><em>opere,</em></span> <span class='ocrx_word' id='word_1_135' title='bbox 1117 2241 1147 2290; x_wconf 88' lang='lat' dir='ltr'><em>ct</em></span> <span class='ocrx_word' id='word_1_136' title='bbox 1161 2241 1188 2295; x_wconf 84' lang='grc' dir='ltr'><em>ι5</em></span> 
     </span>
     <span class='ocr_line' id='line_1_17' title="bbox 158 2334 1146 2400; baseline -0.004 -3"><span class='ocrx_word' id='word_1_137' title='bbox 158 2334 271 2398; x_wconf 90' lang='lat' dir='ltr'><em>melior</em></span> <span class='ocrx_word' id='word_1_138' title='bbox 297 2349 344 2399; x_wconf 91' lang='lat' dir='ltr'><em>est</em></span> <span class='ocrx_word' id='word_1_139' title='bbox 370 2334 492 2400; x_wconf 84' lang='lat' dir='ltr'><em>virtute.</em></span> <span class='ocrx_word' id='word_1_140' title='bbox 519 2334 662 2399; x_wconf 87' lang='lat' dir='ltr'><em>Omnem</em></span> <span class='ocrx_word' id='word_1_141' title='bbox 689 2350 798 2400; x_wconf 91' lang='lat' dir='ltr'><em>autem</em></span> <span class='ocrx_word' id='word_1_142' title='bbox 820 2335 973 2399; x_wconf 84' lang='lat' dir='ltr'><em>virtutem</em></span> <span class='ocrx_word' id='word_1_143' title='bbox 994 2334 1146 2398; x_wconf 81' lang='lat' dir='ltr'><em>moralem</em></span> 
     </span>
     <span class='ocr_line' id='line_1_18' title="bbox 158 2436 1148 2526; baseline -0.003 -24"><span class='ocrx_word' id='word_1_144' title='bbox 158 2451 286 2523; x_wconf 84' lang='lat' dir='ltr'><em>oportet</em></span> <span class='ocrx_word' id='word_1_145' title='bbox 305 2440 506 2523; x_wconf 78' lang='lat' dir='ltr'><em>prudenciam</em></span> <span class='ocrx_word' id='word_1_146' title='bbox 533 2440 676 2526; x_wconf 83' lang='lat' dir='ltr'><em>regulari,</em></span> <span class='ocrx_word' id='word_1_147' title='bbox 701 2454 733 2505; x_wconf 94' lang='lat' dir='ltr'><em>et</em></span> <span class='ocrx_word' id='word_1_148' title='bbox 754 2441 828 2504; x_wconf 88' lang='lat' dir='ltr'><em>ideo</em></span> <span class='ocrx_word' id='word_1_149' title='bbox 850 2441 1014 2526; x_wconf 75' lang='lat' dir='ltr'><em>signanter</em></span> <span class='ocrx_word' id='word_1_150' title='bbox 1035 2436 1148 2500; x_wconf 92' lang='lat' dir='ltr'><em>dicitur</em></span> 
     </span>
     <span class='ocr_line' id='line_1_19' title="bbox 158 2543 1146 2630; baseline -0.002 -24"><span class='ocrx_word' id='word_1_151' title='bbox 158 2544 246 2628; x_wconf 91' lang='lat' dir='ltr'><em>quod</em></span> <span class='ocrx_word' id='word_1_152' title='bbox 262 2543 320 2607; x_wconf 85' lang='lat' dir='ltr'><em>hec</em></span> <span class='ocrx_word' id='word_1_153' title='bbox 341 2558 440 2621; x_wconf 81' lang='lat' dir='ltr'><em>mater</em></span> <span class='ocrx_word' id='word_1_154' title='bbox 461 2556 595 2630; x_wconf 81' lang='lat' dir='ltr'><em>operata</em></span> <span class='ocrx_word' id='word_1_155' title='bbox 610 2556 658 2610; x_wconf 91' lang='lat' dir='ltr'><em>est</em></span> <span class='ocrx_word' id='word_1_156' title='bbox 672 2546 807 2609; x_wconf 90' lang='lat' dir='ltr'><em>consilio</em></span> <span class='ocrx_word' id='word_1_157' title='bbox 824 2563 982 2608; x_wconf 83' lang='lat' dir='ltr'><em>rrrarrunrn</em></span> <span class='ocrx_word' id='word_1_158' title='bbox 997 2563 1146 2606; x_wconf 84' lang='lat' dir='ltr'><em>suarum.</em></span> 
     </span>
    </p>

    <p class='ocr_par' dir='ltr' id='par_1_5' title="bbox 204 2647 1220 2732">
     <span class='ocr_line' id='line_1_20' title="bbox 204 2647 1220 2732; baseline 0.001 -20"><span class='ocrx_word' id='word_1_159' title='bbox 204 2648 297 2712; x_wconf 90' lang='lat' dir='ltr'><em>Unde</em></span> <span class='ocrx_word' id='word_1_160' title='bbox 320 2648 359 2711; x_wconf 93' lang='lat' dir='ltr'><em>ad</em></span> <span class='ocrx_word' id='word_1_161' title='bbox 377 2649 594 2713; x_wconf 89' lang='lat' dir='ltr'><em>denotandum</em></span> <span class='ocrx_word' id='word_1_162' title='bbox 609 2649 791 2713; x_wconf 88' lang='lat' dir='ltr'><em>varietatem</em></span> <span class='ocrx_word' id='word_1_163' title='bbox 807 2650 1038 2732; x_wconf 86' lang='lat' dir='ltr'><em>operacionum</em></span> <span class='ocrx_word' id='word_1_164' title='bbox 1053 2647 1178 2713; x_wconf 74' lang='lat' dir='ltr'><em>huiusa</em></span> <span class='ocrx_word' id='word_1_165' title='bbox 1195 2659 1220 2713; x_wconf 77' lang='lat' dir='ltr'><strong>F</strong></span> 
     </span>
    </p>

    <p class='ocr_par' dir='ltr' id='par_1_6' title="bbox 115 2733 1191 3985">
     <span class='ocr_line' id='line_1_21' title="bbox 115 2733 1191 2838; baseline 0.001 -24"><span class='ocrx_word' id='word_1_166' title='bbox 115 2733 143 2831; x_wconf 63' lang='lat'><em>,¹⁸</em></span> <span class='ocrx_word' id='word_1_167' title='bbox 160 2766 305 2815; x_wconf 89' lang='lat' dir='ltr'><em>matrone</em></span> <span class='ocrx_word' id='word_1_168' title='bbox 328 2752 490 2838; x_wconf 91' lang='lat' dir='ltr'><em>subiungit</em></span> <span class='ocrx_word' id='word_1_169' title='bbox 511 2753 624 2816; x_wconf 88' lang='lat' dir='ltr'><em>tercio:</em></span> <span class='ocrx_word' id='word_1_170' title='bbox 659 2753 760 2817; x_wconf 85' lang='lat' dir='ltr'><em>Facta</em></span> <span class='ocrx_word' id='word_1_171' title='bbox 789 2764 837 2817; x_wconf 88' lang='lat' dir='ltr'><em>est</em></span> <span class='ocrx_word' id='word_1_172' title='bbox 864 2754 962 2837; x_wconf 86' lang='lat' dir='ltr'><em>quasi</em></span> <span class='ocrx_word' id='word_1_173' title='bbox 985 2752 1077 2815; x_wconf 82' lang='lat' dir='ltr'><em>nauis</em></span> <span class='ocrx_word' id='word_1_174' title='bbox 1100 2752 1191 2815; x_wconf 71' lang='lat' dir='ltr'><em>inno</em></span> 
     </span>
     <span class='ocr_line' id='line_1_22' title="bbox 159 2855 1147 2942; baseline -0.001 -23"><span class='ocrx_word' id='word_1_175' title='bbox 159 2858 283 2921; x_wconf 75' lang='lat' dir='ltr'><em>stilonis</em></span> <span class='ocrx_word' id='word_1_176' title='bbox 313 2855 352 2920; x_wconf 79' lang='lat' dir='ltr'><em>ele</em></span> <span class='ocrx_word' id='word_1_177' title='bbox 379 2858 475 2942; x_wconf 91' lang='lat' dir='ltr'><em>longe</em></span> <span class='ocrx_word' id='word_1_178' title='bbox 496 2869 635 2941; x_wconf 81' lang='lat' dir='ltr'><em>portans</em></span> <span class='ocrx_word' id='word_1_179' title='bbox 657 2879 777 2942; x_wconf 80' lang='lat' dir='ltr'><em>panem</em></span> <span class='ocrx_word' id='word_1_180' title='bbox 806 2879 914 2924; x_wconf 86' lang='lat' dir='ltr'><em>suum.</em></span> <span class='ocrx_word' id='word_1_181' title='bbox 955 2859 1078 2922; x_wconf 92' lang='lat' dir='ltr'><em>Notum</em></span> <span class='ocrx_word' id='word_1_182' title='bbox 1100 2869 1147 2919; x_wconf 89' lang='lat' dir='ltr'><em>est</em></span> 
     </span>
     <span class='ocr_line' id='line_1_23' title="bbox 160 2961 1146 3046; baseline 0.001 -23"><span class='ocrx_word' id='word_1_183' title='bbox 160 2981 196 3023; x_wconf 90' lang='lat' dir='ltr'><em>ex</em></span> <span class='ocrx_word' id='word_1_184' title='bbox 224 2961 427 3025; x_wconf 87' lang='lat' dir='ltr'><em>tractantibus</em></span> <span class='ocrx_word' id='word_1_185' title='bbox 456 2963 494 3024; x_wconf 90' lang='lat' dir='ltr'><em>de</em></span> <span class='ocrx_word' id='word_1_186' title='bbox 517 2962 610 3024; x_wconf 89' lang='lat' dir='ltr'><em>archa</em></span> <span class='ocrx_word' id='word_1_187' title='bbox 633 2964 703 3027; x_wconf 91' lang='lat' dir='ltr'><em>Noe</em></span> <span class='ocrx_word' id='word_1_188' title='bbox 726 2979 756 3028; x_wconf 89' lang='lat' dir='ltr'><em>ct</em></span> <span class='ocrx_word' id='word_1_189' title='bbox 780 2965 927 3027; x_wconf 88' lang='lat' dir='ltr'><em>navicula</em></span> <span class='ocrx_word' id='word_1_190' title='bbox 951 2961 1032 3026; x_wconf 88' lang='lat' dir='ltr'><em>Petri</em></span> <span class='ocrx_word' id='word_1_191' title='bbox 1065 2981 1146 3046; x_wconf 92' lang='lat' dir='ltr'><em>quo·</em></span> 
     </span>
     <span class='ocr_line' id='line_1_24' title="bbox 160 3065 1147 3152; baseline -0.001 -24"><span class='ocrx_word' id='word_1_192' title='bbox 160 3067 258 3128; x_wconf 91' lang='lat' dir='ltr'><em>modo</em></span> <span class='ocrx_word' id='word_1_193' title='bbox 283 3065 411 3128; x_wconf 87' lang='lat' dir='ltr'><em>ecclesia</em></span> <span class='ocrx_word' id='word_1_194' title='bbox 434 3066 589 3130; x_wconf 86' lang='lat' dir='ltr'><em>similatur</em></span> <span class='ocrx_word' id='word_1_195' title='bbox 612 3067 681 3130; x_wconf 87' lang='lat' dir='ltr'><em>navi</em></span> <span class='ocrx_word' id='word_1_196' title='bbox 698 3069 730 3130; x_wconf 90' lang='lat' dir='ltr'><em>in</em></span> <span class='ocrx_word' id='word_1_197' title='bbox 750 3089 813 3152; x_wconf 87' lang='lat' dir='ltr'><em>qua</em></span> <span class='ocrx_word' id='word_1_198' title='bbox 835 3068 949 3132; x_wconf 90' lang='lat' dir='ltr'><em>divicie</em></span> <span class='ocrx_word' id='word_1_199' title='bbox 973 3082 1004 3131; x_wconf 89' lang='lat' dir='ltr'><em>et</em></span> <span class='ocrx_word' id='word_1_200' title='bbox 1027 3066 1147 3129; x_wconf 88' lang='lat' dir='ltr'><em>diversa</em></span> 
     </span>
     <span class='ocr_line' id='line_1_25' title="bbox 162 3169 1147 3256; baseline 0.002 -24"><span class='ocrx_word' id='word_1_201' title='bbox 162 3169 367 3234; x_wconf 89' lang='lat' dir='ltr'><em>mercimonia</em></span> <span class='ocrx_word' id='word_1_202' title='bbox 391 3184 599 3256; x_wconf 88' lang='lat' dir='ltr'><em>congerunter</em></span> <span class='ocrx_word' id='word_1_203' title='bbox 621 3172 778 3256; x_wconf 88' lang='lat' dir='ltr'><em>habetque</em></span> <span class='ocrx_word' id='word_1_204' title='bbox 807 3172 888 3235; x_wconf 88' lang='lat' dir='ltr'><em>intra</em></span> <span class='ocrx_word' id='word_1_205' title='bbox 913 3193 947 3235; x_wconf 89' lang='lat' dir='ltr'><em>se</em></span> <span class='ocrx_word' id='word_1_206' title='bbox 975 3184 1147 3234; x_wconf 86' lang='lat' dir='ltr'><em>mercantes</em></span> 
     </span>
     <span class='ocr_line' id='line_1_26' title="bbox 160 3275 1189 3361; baseline 0.005 -24"><span class='ocrx_word' id='word_1_207' title='bbox 160 3289 224 3338; x_wconf 89' lang='lat' dir='ltr'><em>tam</em></span> <span class='ocrx_word' id='word_1_208' title='bbox 254 3275 431 3339; x_wconf 80' lang='lat' dir='ltr'><em>venditores</em></span> <span class='ocrx_word' id='word_1_209' title='bbox 466 3297 562 3361; x_wconf 89' lang='lat' dir='ltr'><em>quam</em></span> <span class='ocrx_word' id='word_1_210' title='bbox 595 3276 692 3338; x_wconf 87' lang='lat' dir='ltr'><em>eciam</em></span> <span class='ocrx_word' id='word_1_211' title='bbox 728 3276 897 3358; x_wconf 86' lang='lat' dir='ltr'><em>institores,</em></span> <span class='ocrx_word' id='word_1_212' title='bbox 931 3290 963 3338; x_wconf 90' lang='lat' dir='ltr'><em>et</em></span> <span class='ocrx_word' id='word_1_213' title='bbox 991 3295 1064 3338; x_wconf 91' lang='lat' dir='ltr'><em>cum</em></span> <span class='ocrx_word' id='word_1_214' title='bbox 1093 3292 1189 3356; x_wconf 78' lang='lat' dir='ltr'><em>per25</em></span> 
     </span>
     <span class='ocr_line' id='line_1_27' title="bbox 159 3377 1147 3464; baseline -0.001 -23"><span class='ocrx_word' id='word_1_215' title='bbox 159 3393 260 3442; x_wconf 89' lang='lat' dir='ltr'><em>totam</em></span> <span class='ocrx_word' id='word_1_216' title='bbox 289 3379 492 3444; x_wconf 86' lang='lat' dir='ltr'><em>habitabilem</em></span> <span class='ocrx_word' id='word_1_217' title='bbox 518 3395 659 3444; x_wconf 87' lang='lat' dir='ltr'><em>nostram</em></span> <span class='ocrx_word' id='word_1_218' title='bbox 682 3381 795 3443; x_wconf 89' lang='lat' dir='ltr'><em>saltem</em></span> <span class='ocrx_word' id='word_1_219' title='bbox 817 3381 1010 3464; x_wconf 85' lang='lat' dir='ltr'><em>potestative</em></span> <span class='ocrx_word' id='word_1_220' title='bbox 1033 3377 1147 3442; x_wconf 82' lang='lat' dir='ltr'><em>diffun-</em></span> 
     </span>
     <span class='ocr_line' id='line_1_28' title="bbox 158 3484 1148 3569; baseline -0.001 -25"><span class='ocrx_word' id='word_1_221' title='bbox 158 3484 252 3565; x_wconf 89' lang='lat' dir='ltr'><em>ditur,</em></span> <span class='ocrx_word' id='word_1_222' title='bbox 275 3506 388 3568; x_wconf 90' lang='lat' dir='ltr'><em>ymmo</em></span> <span class='ocrx_word' id='word_1_223' title='bbox 411 3506 467 3567; x_wconf 90' lang='lat' dir='ltr'><em>per</em></span> <span class='ocrx_word' id='word_1_224' title='bbox 488 3485 708 3569; x_wconf 87' lang='lat' dir='ltr'><em>purgatorium</em></span> <span class='ocrx_word' id='word_1_225' title='bbox 726 3499 820 3569; x_wconf 87' lang='lat' dir='ltr'><em>atque</em></span> <span class='ocrx_word' id='word_1_226' title='bbox 837 3485 933 3566; x_wconf 89' lang='lat' dir='ltr'><em>celos,</em></span> <span class='ocrx_word' id='word_1_227' title='bbox 957 3498 1044 3569; x_wconf 86' lang='lat' dir='ltr'><em>patet</em></span> <span class='ocrx_word' id='word_1_228' title='bbox 1060 3484 1148 3568; x_wconf 90' lang='lat' dir='ltr'><em>quod</em></span> 
     </span>
     <span class='ocr_line' id='line_1_29' title="bbox 158 3589 1147 3673; baseline -0.001 -23"><span class='ocrx_word' id='word_1_229' title='bbox 158 3589 197 3651; x_wconf 87' lang='lat' dir='ltr'><em>de</em></span> <span class='ocrx_word' id='word_1_230' title='bbox 224 3590 320 3672; x_wconf 90' lang='lat' dir='ltr'><em>longe</em></span> <span class='ocrx_word' id='word_1_231' title='bbox 347 3603 452 3671; x_wconf 88' lang='lat' dir='ltr'><em>portat</em></span> <span class='ocrx_word' id='word_1_232' title='bbox 478 3610 594 3673; x_wconf 88' lang='lat' dir='ltr'><em>panem</em></span> <span class='ocrx_word' id='word_1_233' title='bbox 625 3610 690 3673; x_wconf 91' lang='lat' dir='ltr'><em>quo</em></span> <span class='ocrx_word' id='word_1_234' title='bbox 723 3589 871 3673; x_wconf 88' lang='lat' dir='ltr'><em>pascitur.</em></span> <span class='ocrx_word' id='word_1_235' title='bbox 911 3589 1009 3652; x_wconf 88' lang='lat' dir='ltr'><em>Navis</em></span> <span class='ocrx_word' id='word_1_236' title='bbox 1041 3603 1147 3652; x_wconf 88' lang='lat' dir='ltr'><em>autem</em></span> 
     </span>
     <span class='ocr_line' id='line_1_30' title="bbox 160 3692 1149 3775; baseline -0.002 -20"><span class='ocrx_word' id='word_1_237' title='bbox 160 3694 278 3755; x_wconf 87' lang='lat' dir='ltr'><em>nedum</em></span> <span class='ocrx_word' id='word_1_238' title='bbox 302 3693 332 3754; x_wconf 91' lang='lat' dir='ltr'><em>in</em></span> <span class='ocrx_word' id='word_1_239' title='bbox 357 3692 457 3775; x_wconf 85' lang='lat' dir='ltr'><em>figura</em></span> <span class='ocrx_word' id='word_1_240' title='bbox 478 3693 578 3756; x_wconf 91' lang='lat' dir='ltr'><em>tendit</em></span> <span class='ocrx_word' id='word_1_241' title='bbox 600 3695 640 3755; x_wconf 91' lang='lat' dir='ltr'><em>ad</em></span> <span class='ocrx_word' id='word_1_242' title='bbox 663 3692 906 3755; x_wconf 88' lang='lat' dir='ltr'><em>similitudinem</em></span> <span class='ocrx_word' id='word_1_243' title='bbox 933 3708 1077 3755; x_wconf 89' lang='lat' dir='ltr'><em>matrone</em></span> <span class='ocrx_word' id='word_1_244' title='bbox 1094 3693 1149 3753; x_wconf 88' lang='lat' dir='ltr'><em>sed</em></span> 
     </span>
     <span class='ocr_line' id='line_1_31' title="bbox 159 3795 1191 3881; baseline -0.001 -23"><span class='ocrx_word' id='word_1_245' title='bbox 159 3797 244 3880; x_wconf 85' lang='lat' dir='ltr'><em>ligna</em></span> <span class='ocrx_word' id='word_1_246' title='bbox 273 3797 409 3881; x_wconf 83' lang='lat' dir='ltr'><em>levigata</em></span> <span class='ocrx_word' id='word_1_247' title='bbox 437 3799 475 3860; x_wconf 88' lang='lat' dir='ltr'><em>ad</em></span> <span class='ocrx_word' id='word_1_248' title='bbox 499 3797 714 3860; x_wconf 89' lang='lat' dir='ltr'><em>imitacionem</em></span> <span class='ocrx_word' id='word_1_249' title='bbox 738 3797 816 3880; x_wconf 87' lang='lat' dir='ltr'><em>ligni</em></span> <span class='ocrx_word' id='word_1_250' title='bbox 840 3795 944 3859; x_wconf 89' lang='lat' dir='ltr'><em>crucis</em></span> <span class='ocrx_word' id='word_1_251' title='bbox 968 3795 1149 3879; x_wconf 88' lang='lat' dir='ltr'><em>composita</em></span> <span class='ocrx_word' id='word_1_252' title='bbox 1159 3814 1191 3866; x_wconf 84' lang='lat'><em>30</em></span> 
     </span>
     <span class='ocr_line' id='line_1_32' title="bbox 159 3898 1149 3985; baseline -0.003 -22"><span class='ocrx_word' id='word_1_253' title='bbox 159 3901 300 3965; x_wconf 89' lang='lat' dir='ltr'><em>evehunt</em></span> <span class='ocrx_word' id='word_1_254' title='bbox 327 3901 526 3985; x_wconf 87' lang='lat' dir='ltr'><em>navigantem</em></span> <span class='ocrx_word' id='word_1_255' title='bbox 549 3900 582 3963; x_wconf 93' lang='lat' dir='ltr'><em>in</em></span> <span class='ocrx_word' id='word_1_256' title='bbox 606 3902 723 3983; x_wconf 83' lang='lat' dir='ltr'><em>seculo,</em></span> <span class='ocrx_word' id='word_1_257' title='bbox 753 3920 792 3962; x_wconf 89' lang='lat' dir='ltr'><em>ne</em></span> <span class='ocrx_word' id='word_1_258' title='bbox 815 3898 967 3983; x_wconf 87' lang='lat' dir='ltr'><em>procellis</em></span> <span class='ocrx_word' id='word_1_259' title='bbox 989 3900 1149 3961; x_wconf 90' lang='lat' dir='ltr'><em>undarum</em></span> 
     </span>
    </p>
   </div>
   <div class='ocr_carea' id='block_1_3' title="bbox 157 4102 1149 4360">
    <p class='ocr_par' dir='ltr' id='par_1_7' title="bbox 157 4102 1149 4360">
     <span class='ocr_line' id='line_1_33' title="bbox 197 4102 1149 4165; baseline -0.006 -15"><span class='ocrx_word' id='word_1_260' title='bbox 197 4118 213 4150; x_wconf 84' lang='lat' dir='ltr'><em>t.</em></span> <span class='ocrx_word' id='word_1_261' title='bbox 229 4105 350 4165; x_wconf 51' lang='lat' dir='ltr'><em>Bacrtne</em></span> <span class='ocrx_word' id='word_1_262' title='bbox 363 4105 434 4149; x_wconf 81' lang='lat' dir='ltr'><em>deest.</em></span> <span class='ocrx_word' id='word_1_263' title='bbox 450 4105 510 4150; x_wconf 76' lang='lat' dir='ltr'><em>ibide</em></span> <span class='ocrx_word' id='word_1_264' title='bbox 528 4105 557 4149; x_wconf 82' lang='lat' dir='ltr'><em>td</em></span> <span class='ocrx_word' id='word_1_265' title='bbox 572 4113 645 4151; x_wconf 79' lang='lat' dir='ltr'><em>extre.</em></span> <span class='ocrx_word' id='word_1_266' title='bbox 751 4118 775 4158; x_wconf 77' lang='lat'><em>⁴·</em></span> <span class='ocrx_word' id='word_1_267' title='bbox 789 4106 853 4156; x_wconf 66' lang='lat' dir='ltr'><em>Aac.</em></span> <span class='ocrx_word' id='word_1_268' title='bbox 869 4105 885 4148; x_wconf 88' lang='grc'><em>1.</em></span> <span class='ocrx_word' id='word_1_269' title='bbox 900 4115 923 4148; x_wconf 87' lang='lat' dir='ltr'><em>c.</em></span> <span class='ocrx_word' id='word_1_270' title='bbox 939 4102 968 4148; x_wconf 84' lang='lat' dir='ltr'><em>Et</em></span> <span class='ocrx_word' id='word_1_271' title='bbox 983 4102 1106 4159; x_wconf 77' lang='lat' dir='ltr'><em>sequentis</em></span> <span class='ocrx_word' id='word_1_272' title='bbox 1121 4112 1149 4145; x_wconf 76' lang='lat' dir='ltr'><em>ex</em></span> 
     </span>
     <span class='ocr_line' id='line_1_34' title="bbox 159 4168 1149 4232; baseline -0.004 -13"><span class='ocrx_word' id='word_1_273' title='bbox 159 4176 200 4220; x_wconf 86' lang='lat' dir='ltr'><em>illo</em></span> <span class='ocrx_word' id='word_1_274' title='bbox 214 4182 277 4219; x_wconf 81' lang='lat' dir='ltr'><em>testo</em></span> <span class='ocrx_word' id='word_1_275' title='bbox 292 4174 398 4228; x_wconf 80' lang='lat' dir='ltr'><em>(mutatis</em></span> <span class='ocrx_word' id='word_1_276' title='bbox 407 4174 495 4231; x_wconf 81' lang='lat' dir='ltr'><em>aliquot</em></span> <span class='ocrx_word' id='word_1_277' title='bbox 512 4174 599 4229; x_wconf 81' lang='lat' dir='ltr'><em>verbis)</em></span> <span class='ocrx_word' id='word_1_278' title='bbox 614 4175 753 4232; x_wconf 79' lang='lat' dir='ltr'><em>deprompta</em></span> <span class='ocrx_word' id='word_1_279' title='bbox 768 4181 831 4218; x_wconf 80' lang='lat' dir='ltr'><em>sunt.</em></span> <span class='ocrx_word' id='word_1_280' title='bbox 893 4173 926 4218; x_wconf 81' lang='lat'><em>16.</em></span> <span class='ocrx_word' id='word_1_281' title='bbox 944 4185 975 4230; x_wconf 83' lang='lat'><em>¹7·</em></span> <span class='ocrx_word' id='word_1_282' title='bbox 991 4168 1020 4216; x_wconf 77' lang='lat' dir='ltr'><em>Bi</em></span> <span class='ocrx_word' id='word_1_283' title='bbox 1036 4171 1149 4216; x_wconf 79' lang='lat' dir='ltr'><em>moralem</em></span> 
     </span>
     <span class='ocr_line' id='line_1_35' title="bbox 159 4239 1149 4302; baseline -0.004 -15"><span class='ocrx_word' id='word_1_284' title='bbox 159 4252 181 4290; x_wconf 84' lang='grc' dir='ltr'><em>οι</em></span> <span class='ocrx_word' id='word_1_285' title='bbox 194 4244 326 4302; x_wconf 81' lang='lat' dir='ltr'><em>potenciam</em></span> <span class='ocrx_word' id='word_1_286' title='bbox 341 4250 433 4301; x_wconf 81' lang='lat' dir='ltr'><em>oportet</em></span> <span class='ocrx_word' id='word_1_287' title='bbox 441 4243 501 4290; x_wconf 81' lang='lat' dir='ltr'><em>enim</em></span> <span class='ocrx_word' id='word_1_288' title='bbox 509 4244 598 4289; x_wconf 88' lang='lat' dir='ltr'><em>etldeo.</em></span> <span class='ocrx_word' id='word_1_289' title='bbox 677 4243 714 4288; x_wconf 80' lang='lat' dir='ltr'><em>ab.</em></span> <span class='ocrx_word' id='word_1_290' title='bbox 724 4242 754 4287; x_wconf 82' lang='lat' dir='ltr'><em>Be</em></span> <span class='ocrx_word' id='word_1_291' title='bbox 763 4243 899 4288; x_wconf 77' lang='lat' dir='ltr'><em>habitatem.</em></span> <span class='ocrx_word' id='word_1_292' title='bbox 983 4240 1014 4287; x_wconf 80' lang='lat' dir='ltr'><em>bt.</em></span> <span class='ocrx_word' id='word_1_293' title='bbox 1029 4240 1052 4286; x_wconf 88' lang='lat' dir='ltr'><em>ln</em></span> <span class='ocrx_word' id='word_1_294' title='bbox 1066 4239 1149 4286; x_wconf 73' lang='lat' dir='ltr'><em>eaden</em></span> 
     </span>
     <span class='ocr_line' id='line_1_36' title="bbox 157 4320 251 4360; baseline 0 0"><span class='ocrx_word' id='word_1_295' title='bbox 157 4320 251 4360; x_wconf 63' lang='lat' dir='ltr'><em>aeaut</em></span> 
     </span>
    </p>
   </div>
   <div class='ocr_carea' id='block_1_4' title="bbox 156 4454 1149 4615">
    <p class='ocr_par' dir='ltr' id='par_1_8' title="bbox 156 4454 1149 4615">
     <span class='ocr_line' id='line_1_37' title="bbox 205 4454 1149 4528; baseline -0.003 -20"><span class='ocrx_word' id='word_1_296' title='bbox 205 4472 227 4508; x_wconf 85' lang='lat' dir='ltr'><em>r.</em></span> <span class='ocrx_word' id='word_1_297' title='bbox 246 4459 312 4525; x_wconf 75' lang='lat' dir='ltr'><em>Aug.</em></span> <span class='ocrx_word' id='word_1_298' title='bbox 334 4457 468 4526; x_wconf 89' lang='lat' dir='ltr'><em>Quidquid</em></span> <span class='ocrx_word' id='word_1_299' title='bbox 486 4472 564 4509; x_wconf 82' lang='lat' dir='ltr'><em>carne</em></span> <span class='ocrx_word' id='word_1_300' title='bbox 583 4472 734 4528; x_wconf 81' lang='lat' dir='ltr'><em>operamur,</em></span> <span class='ocrx_word' id='word_1_301' title='bbox 752 4457 779 4509; x_wconf 87' lang='lat' dir='ltr'><em>in</em></span> <span class='ocrx_word' id='word_1_302' title='bbox 799 4467 926 4526; x_wconf 85' lang='lat' dir='ltr'><em>promptu</em></span> <span class='ocrx_word' id='word_1_303' title='bbox 945 4467 1000 4510; x_wconf 80' lang='lat' dir='ltr'><em>est:</em></span> <span class='ocrx_word' id='word_1_304' title='bbox 1019 4454 1149 4525; x_wconf 88' lang='lat' dir='ltr'><em>quidquid</em></span> 
     </span>
     <span class='ocr_line' id='line_1_38' title="bbox 156 4543 863 4615; baseline 0.006 -19"><span class='ocrx_word' id='word_1_305' title='bbox 156 4543 261 4615; x_wconf 81' lang='lat' dir='ltr'><em>spiritu,</em></span> <span class='ocrx_word' id='word_1_306' title='bbox 280 4544 307 4596; x_wconf 82' lang='lat' dir='ltr'><em>in</em></span> <span class='ocrx_word' id='word_1_307' title='bbox 326 4555 437 4598; x_wconf 78' lang='lat' dir='ltr'><em>secrete.</em></span> <span class='ocrx_word' id='word_1_308' title='bbox 861 4545 863 4549; x_wconf 49' lang='lat'><strong><em>⁴</em></strong></span> 
     </span>
    </p>
   </div>
   <div class='ocr_carea' id='block_1_5' title="bbox 0 0 1639 5226">
    <p class='ocr_par' dir='ltr' id='par_1_9' title="bbox 0 0 1639 5226">
     <span class='ocr_line' id='line_1_39' title="bbox 0 0 1639 5226; baseline 0 0"><span class='ocrx_word' id='word_1_309' title='bbox 0 0 1639 5226; x_wconf 95' lang='lat' dir='ltr'><em> </em></span> 
     </span>
    </p>
   </div>
  </div>
 </body>
</html>
