3262 5226
715 479 1051 535 sonnnmswscmr.
1239 459 1370 554 [cunm

380 636 523 723 loquitur
543 635 601 700 iste
623 649 767 701 sanctus:
785 640 965 722 postposita
979 639 1098 721 quippe
1121 657 1205 702 cura
1217 619 1368 721 filiorum
1383 655 1468 709 135⁶(

381 759 458 824 sepe
478 760 533 805 eos
553 740 664 806 videas
694 760 730 805 se
760 752 874 805 contra
891 742 1044 826 pericula
1075 744 1226 808 immensi
1249 742 1370 807 laboris

382 845 564 930 accingere,
588 846 694 908 maria
718 854 930 928 transmeare,
958 847 1054 911 adire
1075 847 1207 928 iudicia,
1232 847 1371 931 pulsare

378 949 597 1032 principatus,
600 949 737 1033 palacia
746 950 941 1034 irrumpere,
952 951 1164 1035 iurgantibus
1169 950 1369 1035 populorum

383 1055 493 1117 cuneis
514 1054 678 1117 interesse.
703 1051 789 1117 Cum
810 1068 917 1118 nutem
937 1075 996 1138 pro
1024 1054 1239 1139 spiritualibus
1261 1048 1395 1138 acqui-5

384 1157 487 1221 tendis
508 1177 574 1220 non
593 1171 761 1240 opponunt
781 1170 902 1223 tuntum
923 1158 1136 1240 diligenciam,
1160 1158 1232 1245 quis
1248 1157 1370 1223 dubitat

386 1261 462 1346 quin
484 1260 543 1325 ists
565 1262 751 1345 temporalis
773 1262 872 1346 magis
895 1256 1023 1327 amant?
1099 1319 1102 1325 .

155 1401 192 1457 1„
203 1409 261 1441 ease
275 1404 302 1441 so
315 1397 375 1452 keep
427 1365 468 1427 Et
488 1379 645 1449 quantum
667 1367 707 1429 sd
731 1367 953 1447 retentionem,
976 1380 1064 1451 putet
1083 1366 1169 1430 idem
1188 1387 1226 1429 ex
1242 1365 1368 1429 maiori·
1377 1383 1398 1438 b

248 1449 281 1502 u:

384 1481 446 1531 tate
455 1467 621 1552 diligencie
635 1490 733 1554 quam
747 1471 940 1555 apponimus
953 1491 1012 1554 pro
1026 1471 1257 1555 temporalibus
1272 1490 1368 1555 quum

383 1591 441 1663 pro
455 1571 665 1655 spiritualibus
679 1573 892 1641 defendendis
900 1574 1080 1658 Ypocrita‚
1071 1573 1176 1660 mqust
1185 1574 1367 1658 Gregorius,
1383 1605 1413 1644 ,ο

384 1687 547 1760 assumpto
567 1686 680 1741 sancte
699 1679 962 1744 conversacionis
976 1679 1089 1743 habitu
1094 1678 1249 1762 filiorum
1264 1690 1369 1743 custo·

383 1779 467 1843 diam
489 1779 608 1845 deserit
629 1791 659 1845 et
681 1783 872 1866 temporalia
903 1803 1028 1869 queque
1058 1783 1238 1869 defendere
1269 1784 1368 1847 eciam

384 1886 501 1968 iurgiis
526 1887 640 1970 querit.
670 1887 830 1972 Exemplo
863 1907 923 1953 suo
953 1907 1068 1953 eorum
1100 1886 1202 1951 corda
1227 1888 1370 1971 perdere

385 2008 447 2051 non
471 1989 606 2073 trepidat
622 1999 652 2054 et
667 1994 763 2076 quasi
771 2013 835 2076 per
850 1994 1089 2079 negligenciam
1105 1993 1255 2055 amittere
1263 1992 1369 2075 patri·

385 2095 490 2157 monia
505 2103 634 2158 terrena
639 2095 813 2181 formidat.
832 2098 873 2161 ln
890 2117 1035 2162 errorem
1052 2095 1234 2179 discipulus
1251 2095 1370 2160 labitur
1382 2113 1411 2165 15

384 2208 415 2260 et
435 2207 539 2261 tamen
567 2218 624 2262 cor
645 2202 804 2285 ypocrite
832 2202 922 2267 nullo
955 2202 1069 2266 dolore
1099 2203 1280 2266 sauciatur.
1313 2199 1371 2263 Ire

386 2301 417 2365 in
440 2303 614 2388 iniquitatis
635 2309 823 2392 uoraginem
846 2308 1038 2372 commissos
1071 2305 1133 2370 sibi
1162 2306 1320 2389 conspicit
1339 2314 1370 2368 et

385 2406 441 2469 lsec
463 2409 557 2490 quasi
577 2409 720 2473 inaudita
736 2413 935 2494 pertransit;
956 2421 990 2475 at
1012 2412 1042 2475 si
1063 2411 1150 2495 quod
1171 2410 1236 2476 sibi
1258 2410 1370 2475 leuiter

385 2509 503 2594 inferri
516 2513 691 2595 temporale
706 2514 881 2598 dampnum
904 2518 1054 2593 senserit,
1077 2517 1110 2578 in
1126 2515 1264 2579 ulcionis
1283 2515 1366 2579 iram

385 2626 514 2698 repente
548 2616 589 2680 ab
627 2621 746 2684 intimis
782 2620 965 2686 inardescit.
1008 2621 1053 2685 Et
1088 2640 1167 2684 mox
1197 2620 1369 2705 paciencia
1381 2650 1412 2687 ιο

386 2722 560 2804 rumpitur,
593 2743 669 2787 mox
700 2723 795 2790 dolor
816 2726 926 2791 cordis
956 2727 989 2789 in
1025 2725 1156 2790 vocibus
1177 2725 1369 2809 effrenatur,

387 2827 462 2907 quia
491 2825 567 2889 dum
599 2830 783 2895 animarum
816 2831 959 2914 dampna
991 2831 1208 2914 equanimiter
1231 2829 1370 2906 tollerat,

386 2930 543 2992 iacturam
576 2951 652 2995 uero
683 2954 793 2998 rerum
817 2935 1045 3019 temporalium
1078 2935 1238 3018 repellere
1270 2935 1369 2996 ceiam

388 3054 458 3096 cum
482 3036 617 3118 spiritus
638 3040 856 3103 commocione
868 3039 1024 3125 festinat,
1060 3040 1187 3102 cunctis
1211 3039 1372 3102 ueraciter

387 3138 510 3201 indicat
539 3149 615 3205 teste
647 3145 761 3207 mentis
787 3144 1044 3227 perturbacione
1078 3143 1157 3226 quid
1189 3153 1288 3208 amat.
1322 3142 1413 3209 Ilias

387 3244 502 3325 quippe
525 3257 571 3309 est
593 3248 723 3332 grande
738 3248 875 3312 studium
892 3247 1105 3332 defensionis,
1130 3249 1186 3312 ubi
1205 3257 1253 3312 est
1266 3267 1371 3333 gran·

388 3353 462 3419 dior
486 3356 534 3419 vis
556 3352 688 3417 amoris

166 3487 200 3544 ny
216 3483 305 3581 apt
296 3481 335 3528 tor
352 3480 380 3526 to
432 3461 472 3524 Et
500 3460 605 3545 quoad
629 3457 832 3520 omissionem
855 3459 1017 3521 bonorum
1044 3456 1195 3539 hominis,
1219 3472 1267 3521 est
1288 3456 1399 3524 idemo
1415 3470 1443 3525 1)

389 3563 553 3645 indicium,
577 3564 650 3648 quin
672 3562 802 3627 indubie
824 3561 1007 3647 quicunque
1029 3565 1101 3647 plus
1119 3563 1207 3627 dolct
1221 3563 1261 3626 de
1277 3562 1371 3626 umis·

387 3668 474 3732 sione
497 3667 573 3731 boni
596 3667 719 3731 fortune
742 3688 839 3752 quum
861 3666 938 3729 boni
960 3666 1096 3749 virtutis,
1118 3680 1155 3731 ut
1178 3666 1233 3747 sic,
1256 3664 1416 3735 indicano

387 3793 419 3835 se
452 3774 523 3856 plus
550 3772 675 3856 diligere
706 3770 891 3856 temporalis
922 3792 1022 3856 quam
1049 3771 1193 3853 virtutes,
1226 3790 1303 3833 cum
1332 3769 1374 3833 sit

389 3877 527 3940 maxims
548 3877 634 3961 opud
656 3875 862 3961 philosophos
885 3876 973 3960 quod
995 3876 1089 3939 dolor
1099 3873 1206 3937 omissi
1231 3886 1263 3937 et
1284 3893 1374 3936 amor

431 4109 465 4141 ιο.
479 4095 526 4143 ΑΒ
541 4096 565 4141 lo
580 4108 667 4154 msrgn
681 4095 819 4155 Gregorius.
870 4097 904 4143 16.
919 4108 951 4153 ¹7·
966 4095 998 4141 us
1013 4096 1048 4141 rel
1061 4094 1094 4139 ln.
1158 4091 1190 4138 ss.
1205 4095 1279 4151 ΛΑ,ε
1293 4101 1316 4140 st
1329 4092 1374 4138 sibl

388 4165 453 4224 qnid.
468 4165 498 4209 Bt
513 4174 536 4210 st
549 4165 569 4210 si
582 4165 638 4224 qnid
653 4166 706 4212 sibl.
811 4166 845 4212 28.
861 4168 883 4212 Α
897 4165 921 4211 ln
935 4177 1024 4223 msrgn
1039 4164 1146 4211 Amissis
1160 4163 1326 4221 temposslluus
1339 4169 1375 4207 est

389 4235 467 4280 minus
481 4232 581 4280 dolends
594 4246 664 4292 qnsm
678 4235 775 4282 smisslo
787 4234 886 4282 sinodo.

436 4427 457 4463 s.
475 4410 618 4480 Gregorius
635 4411 654 4464 l.
671 4427 694 4464 c.
769 4427 807 4463 ro.
824 4412 842 4464 l.
860 4426 883 4463 c.
901 4427 958 4480 csp.
975 4411 1044 4464 Xlll.
