<?xml version="1.0" encoding="UTF-8"?>
<!DOCTYPE html PUBLIC "-//W3C//DTD XHTML 1.0 Transitional//EN"
    "http://www.w3.org/TR/xhtml1/DTD/xhtml1-transitional.dtd">
<html xmlns="http://www.w3.org/1999/xhtml" xml:lang="en" lang="en">
 <head>
  <title>
</title>
<meta http-equiv="Content-Type" content="text/html;charset=utf-8" />
  <meta name='ocr-system' content='tesseract 3.04.00' />
  <meta name='ocr-capabilities' content='ocr_page ocr_carea ocr_par ocr_line ocrx_word'/>
</head>
<body>
  <div class='ocr_page' id='page_1' title='image "./iohanniswyclift00mattgoog_0371.png"; bbox 0 0 3262 5226; ppageno 0'>
   <div class='ocr_carea' id='block_1_1' title="bbox 260 286 1467 401">
    <p class='ocr_par' dir='ltr' id='par_1_1' title="bbox 260 286 1467 401">
     <span class='ocr_line' id='line_1_1' title="bbox 260 286 1467 401; baseline 0.026 -30"><span class='ocrx_word' id='word_1_1' title='bbox 260 324 330 372; x_wconf 77' lang='lat' dir='ltr'>err.</span> <span class='ocrx_word' id='word_1_2' title='bbox 343 306 408 400; x_wconf 71' lang='lat' dir='ltr'>aa]</span> <span class='ocrx_word' id='word_1_3' title='bbox 619 330 665 382; x_wconf 78' lang='lat' dir='ltr'>nu</span> <span class='ocrx_word' id='word_1_4' title='bbox 684 330 865 384; x_wconf 73' lang='lat' dir='ltr'>accensis.</span> <span class='ocrx_word' id='word_1_5' title='bbox 1314 286 1317 290; x_wconf 13' lang='grc' dir='ltr'><strong><em>Ι</em></strong></span> <span class='ocrx_word' id='word_1_6' title='bbox 1402 315 1467 401; x_wconf 87' lang='grc'>333</span> 
     </span>
    </p>
   </div>
   <div class='ocr_carea' id='block_1_2' title="bbox 107 484 1563 3398">
    <p class='ocr_par' dir='ltr' id='par_1_2' title="bbox 107 484 1563 2350">
     <span class='ocr_line' id='line_1_2' title="bbox 145 484 1467 571; baseline -0.005 -17"><span class='ocrx_word' id='word_1_7' title='bbox 145 485 389 570; x_wconf 76' lang='lat' dir='ltr'>r7s·nlegitime</span> <span class='ocrx_word' id='word_1_8' title='bbox 413 505 506 569; x_wconf 90' lang='lat' dir='ltr'>posse</span> <span class='ocrx_word' id='word_1_9' title='bbox 528 484 650 549; x_wconf 79' lang='lat' dir='ltr'>auferre</span> <span class='ocrx_word' id='word_1_10' title='bbox 672 485 859 571; x_wconf 89' lang='lat' dir='ltr'>simpliciter</span> <span class='ocrx_word' id='word_1_11' title='bbox 881 486 1068 570; x_wconf 83' lang='lat' dir='ltr'>temporalia</span> <span class='ocrx_word' id='word_1_12' title='bbox 1082 486 1156 551; x_wconf 88' lang='lat' dir='ltr'>cleri</span> <span class='ocrx_word' id='word_1_13' title='bbox 1179 485 1467 559; x_wconf 61' lang='lat' dir='ltr'>micturiunt-rung</span> 
     </span>
     <span class='ocr_line' id='line_1_3' title="bbox 222 589 1441 701; baseline -0.001 -48"><span class='ocrx_word' id='word_1_14' title='bbox 222 589 372 673; x_wconf 77' lang='lat' dir='ltr'>³Tercia,</span> <span class='ocrx_word' id='word_1_15' title='bbox 395 589 415 651; x_wconf 93' lang='lat' dir='ltr'>ii</span> <span class='ocrx_word' id='word_1_16' title='bbox 439 589 562 652; x_wconf 90' lang='lat' dir='ltr'>domini</span> <span class='ocrx_word' id='word_1_17' title='bbox 587 610 674 675; x_wconf 89' lang='lat' dir='ltr'>reges</span> <span class='ocrx_word' id='word_1_18' title='bbox 697 590 887 675; x_wconf 84' lang='lat' dir='ltr'>temporalia</span> <span class='ocrx_word' id='word_1_19' title='bbox 910 611 929 653; x_wconf 86' lang='lat' dir='ltr'>a</span> <span class='ocrx_word' id='word_1_20' title='bbox 950 591 1036 654; x_wconf 86' lang='lat' dir='ltr'>clero</span> <span class='ocrx_word' id='word_1_21' title='bbox 1067 611 1128 655; x_wconf 91' lang='lat' dir='ltr'>suo</span> <span class='ocrx_word' id='word_1_22' title='bbox 1156 609 1240 653; x_wconf 90' lang='lat' dir='ltr'>nun·</span> <span class='ocrx_word' id='word_1_23' title='bbox 1278 602 1396 701; x_wconf 56' lang='lat' dir='ltr'>{hecata</span> <span class='ocrx_word' id='word_1_24' title='bbox 1411 610 1441 652; x_wconf 76' lang='lat' dir='ltr'>or</span> 
     </span>
     <span class='ocr_line' id='line_1_4' title="bbox 251 657 1467 808; baseline 0 -52"><span class='ocrx_word' id='word_1_25' title='bbox 251 715 348 778; x_wconf 87' lang='lat' dir='ltr'>quam</span> <span class='ocrx_word' id='word_1_26' title='bbox 371 693 511 778; x_wconf 83' lang='lat' dir='ltr'>legitime</span> <span class='ocrx_word' id='word_1_27' title='bbox 533 695 742 777; x_wconf 88' lang='lat' dir='ltr'>abstulerunt,</span> <span class='ocrx_word' id='word_1_28' title='bbox 774 694 857 758; x_wconf 89' lang='lat' dir='ltr'>sicut</span> <span class='ocrx_word' id='word_1_29' title='bbox 891 715 949 759; x_wconf 92' lang='lat' dir='ltr'>nec</span> <span class='ocrx_word' id='word_1_30' title='bbox 972 694 1082 759; x_wconf 91' lang='lat' dir='ltr'>ceteris</span> <span class='ocrx_word' id='word_1_31' title='bbox 1112 668 1304 779; x_wconf 69' lang='lat' dir='ltr'>paribus⁸⁰ta</span> <span class='ocrx_word' id='word_1_32' title='bbox 1314 657 1467 808; x_wconf 43' lang='lat' dir='ltr'>Quid*</span> 
     </span>
     <span class='ocr_line' id='line_1_5' title="bbox 251 797 1369 881; baseline 0.001 -21"><span class='ocrx_word' id='word_1_33' title='bbox 251 812 400 881; x_wconf 86' lang='lat' dir='ltr'>poterunt</span> <span class='ocrx_word' id='word_1_34' title='bbox 422 797 454 861; x_wconf 91' lang='lat' dir='ltr'>in</span> <span class='ocrx_word' id='word_1_35' title='bbox 478 797 632 862; x_wconf 77' lang='lat' dir='ltr'>futurum.</span> <span class='ocrx_word' id='word_1_36' title='bbox 1364 841 1369 849; x_wconf 84' lang='lat'><em>-</em></span> 
     </span>
     <span class='ocr_line' id='line_1_6' title="bbox 229 901 1454 990; baseline -0.003 -20"><span class='ocrx_word' id='word_1_37' title='bbox 229 919 243 970; x_wconf 89' lang='lat' dir='ltr'>t</span> <span class='ocrx_word' id='word_1_38' title='bbox 295 902 329 965; x_wconf 92' lang='lat' dir='ltr'>ln</span> <span class='ocrx_word' id='word_1_39' title='bbox 364 902 422 966; x_wconf 89' lang='lat' dir='ltr'>ista</span> <span class='ocrx_word' id='word_1_40' title='bbox 450 901 581 966; x_wconf 88' lang='lat' dir='ltr'>materia</span> <span class='ocrx_word' id='word_1_41' title='bbox 604 923 756 986; x_wconf 87' lang='lat' dir='ltr'>suppono</span> <span class='ocrx_word' id='word_1_42' title='bbox 785 902 876 988; x_wconf 92' lang='lat' dir='ltr'>quod</span> <span class='ocrx_word' id='word_1_43' title='bbox 907 901 1057 990; x_wconf 87' lang='lat' dir='ltr'>loquatur</span> <span class='ocrx_word' id='word_1_44' title='bbox 1087 903 1127 966; x_wconf 89' lang='lat' dir='ltr'>de</span> <span class='ocrx_word' id='word_1_45' title='bbox 1159 904 1243 968; x_wconf 85' lang='lat' dir='ltr'>clero</span> <span class='ocrx_word' id='word_1_46' title='bbox 1260 917 1287 964; x_wconf 80' lang='lat' dir='ltr'>tn</span> <span class='ocrx_word' id='word_1_47' title='bbox 1304 930 1454 966; x_wconf 63' lang='lat' dir='ltr'>assume</span> 
     </span>
     <span class='ocr_line' id='line_1_7' title="bbox 253 983 1449 1120; baseline 0.006 -51"><span class='ocrx_word' id='word_1_48' title='bbox 253 1007 478 1089; x_wconf 88' lang='lat' dir='ltr'>communiter,</span> <span class='ocrx_word' id='word_1_49' title='bbox 501 1023 537 1072; x_wconf 90' lang='lat' dir='ltr'>ut</span> <span class='ocrx_word' id='word_1_50' title='bbox 552 1007 684 1073; x_wconf 91' lang='lat' dir='ltr'>includit</span> <span class='ocrx_word' id='word_1_51' title='bbox 699 1029 930 1094; x_wconf 86' lang='lat' dir='ltr'>quemcunque</span> <span class='ocrx_word' id='word_1_52' title='bbox 945 1009 1115 1074; x_wconf 79' lang='lat' dir='ltr'>habentem</span> <span class='ocrx_word' id='word_1_53' title='bbox 1138 1029 1242 1073; x_wconf 87' lang='lat' dir='ltr'>camc·</span> <span class='ocrx_word' id='word_1_54' title='bbox 1252 983 1449 1120; x_wconf 50' lang='lat' dir='ltr'>,affiligitur</span> 
     </span>
     <span class='ocr_line' id='line_1_8' title="bbox 252 1077 1563 1199; baseline 0.001 -26"><span class='ocrx_word' id='word_1_55' title='bbox 252 1125 349 1175; x_wconf 88' lang='lat' dir='ltr'>terem</span> <span class='ocrx_word' id='word_1_56' title='bbox 372 1113 572 1176; x_wconf 89' lang='lat' dir='ltr'>sacerdotalis</span> <span class='ocrx_word' id='word_1_57' title='bbox 596 1112 724 1176; x_wconf 77' lang='lat' dir='ltr'>ordinis.</span> <span class='ocrx_word' id='word_1_58' title='bbox 760 1113 794 1177; x_wconf 90' lang='lat' dir='ltr'>Si</span> <span class='ocrx_word' id='word_1_59' title='bbox 818 1127 927 1177; x_wconf 89' lang='lat' dir='ltr'>autem</span> <span class='ocrx_word' id='word_1_60' title='bbox 952 1114 1103 1199; x_wconf 89' lang='lat' dir='ltr'>loquatur</span> <span class='ocrx_word' id='word_1_61' title='bbox 1128 1112 1242 1194; x_wconf 87' lang='lat' dir='ltr'>laxius,</span> <span class='ocrx_word' id='word_1_62' title='bbox 1261 1077 1464 1186; x_wconf 48' lang='lat' dir='ltr'>nitimini*</span> <span class='ocrx_word' id='word_1_63' title='bbox 1560 1178 1563 1183; x_wconf 70' lang='grc'><strong>,</strong></span> 
     </span>
     <span class='ocr_line' id='line_1_9' title="bbox 253 1201 1460 1302; baseline 0.005 -25"><span class='ocrx_word' id='word_1_64' title='bbox 253 1229 376 1280; x_wconf 90' lang='lat' dir='ltr'>tantum</span> <span class='ocrx_word' id='word_1_65' title='bbox 399 1218 510 1299; x_wconf 87' lang='lat' dir='ltr'>placet.</span> <span class='ocrx_word' id='word_1_66' title='bbox 543 1217 590 1280; x_wconf 81' lang='lat' dir='ltr'>Ex</span> <span class='ocrx_word' id='word_1_67' title='bbox 617 1238 683 1302; x_wconf 91' lang='lat' dir='ltr'>quo</span> <span class='ocrx_word' id='word_1_68' title='bbox 706 1231 794 1302; x_wconf 90' lang='lat' dir='ltr'>patet</span> <span class='ocrx_word' id='word_1_69' title='bbox 816 1219 906 1302; x_wconf 86' lang='lat' dir='ltr'>quod</span> <span class='ocrx_word' id='word_1_70' title='bbox 929 1238 1042 1282; x_wconf 92' lang='lat' dir='ltr'>omnes</span> <span class='ocrx_word' id='word_1_71' title='bbox 1064 1219 1243 1284; x_wconf 79' lang='lat' dir='ltr'>sacerdotes</span> <span class='ocrx_word' id='word_1_72' title='bbox 1457 1201 1460 1206; x_wconf 31' lang='lat'>¹</span> 
     </span>
     <span class='ocr_line' id='line_1_10' title="bbox 253 1315 1243 1406; baseline 0.001 -21"><span class='ocrx_word' id='word_1_73' title='bbox 253 1335 471 1385; x_wconf 81' lang='lat' dir='ltr'>conversantes</span> <span class='ocrx_word' id='word_1_74' title='bbox 505 1321 538 1384; x_wconf 88' lang='lat' dir='ltr'>in</span> <span class='ocrx_word' id='word_1_75' title='bbox 570 1321 684 1405; x_wconf 80' lang='lat' dir='ltr'>Anglia</span> <span class='ocrx_word' id='word_1_76' title='bbox 716 1322 777 1385; x_wconf 93' lang='lat' dir='ltr'>sub</span> <span class='ocrx_word' id='word_1_77' title='bbox 808 1321 1011 1405; x_wconf 89' lang='lat' dir='ltr'>proteccioue</span> <span class='ocrx_word' id='word_1_78' title='bbox 1050 1315 1143 1406; x_wconf 86' lang='lat' dir='ltr'>regis,</span> <span class='ocrx_word' id='word_1_79' title='bbox 1176 1321 1243 1386; x_wconf 84' lang='lat' dir='ltr'>sive</span> 
     </span>
     <span class='ocr_line' id='line_1_11' title="bbox 107 1424 1243 1512; baseline -0.004 -19"><span class='ocrx_word' id='word_1_80' title='bbox 107 1493 111 1502; x_wconf 85' lang='grc'>,</span> <span class='ocrx_word' id='word_1_81' title='bbox 213 1426 405 1493; x_wconf 82' lang='lat' dir='ltr'>roseculares</span> <span class='ocrx_word' id='word_1_82' title='bbox 429 1424 493 1489; x_wconf 84' lang='lat' dir='ltr'>sive</span> <span class='ocrx_word' id='word_1_83' title='bbox 509 1425 656 1509; x_wconf 81' lang='lat' dir='ltr'>religiosi,</span> <span class='ocrx_word' id='word_1_84' title='bbox 679 1424 906 1508; x_wconf 88' lang='lat' dir='ltr'>posscssionati</span> <span class='ocrx_word' id='word_1_85' title='bbox 929 1428 979 1490; x_wconf 84' lang='lat' dir='ltr'>vel</span> <span class='ocrx_word' id='word_1_86' title='bbox 995 1426 1243 1512; x_wconf 85' lang='lat' dir='ltr'>exproprieturii,</span> 
     </span>
     <span class='ocr_line' id='line_1_12' title="bbox 252 1530 1243 1617; baseline 0.002 -24"><span class='ocrx_word' id='word_1_87' title='bbox 252 1544 327 1595; x_wconf 92' lang='lat' dir='ltr'>sunt</span> <span class='ocrx_word' id='word_1_88' title='bbox 357 1531 457 1593; x_wconf 86' lang='lat' dir='ltr'>clerus</span> <span class='ocrx_word' id='word_1_89' title='bbox 480 1530 580 1614; x_wconf 83' lang='lat' dir='ltr'>legius</span> <span class='ocrx_word' id='word_1_90' title='bbox 603 1530 684 1613; x_wconf 86' lang='lat' dir='ltr'>regis</span> <span class='ocrx_word' id='word_1_91' title='bbox 706 1531 834 1613; x_wconf 86' lang='lat' dir='ltr'>Anglie,</span> <span class='ocrx_word' id='word_1_92' title='bbox 867 1531 912 1595; x_wconf 89' lang='lat' dir='ltr'>sic</span> <span class='ocrx_word' id='word_1_93' title='bbox 946 1532 1033 1597; x_wconf 89' lang='lat' dir='ltr'>enim</span> <span class='ocrx_word' id='word_1_94' title='bbox 1064 1531 1243 1617; x_wconf 88' lang='lat' dir='ltr'>loquuntur</span> 
     </span>
     <span class='ocr_line' id='line_1_13' title="bbox 252 1633 1243 1721; baseline 0.004 -24"><span class='ocrx_word' id='word_1_95' title='bbox 252 1636 352 1699; x_wconf 90' lang='lat' dir='ltr'>multa</span> <span class='ocrx_word' id='word_1_96' title='bbox 376 1636 509 1715; x_wconf 87' lang='lat' dir='ltr'>decreta,</span> <span class='ocrx_word' id='word_1_97' title='bbox 541 1655 626 1698; x_wconf 91' lang='lat' dir='ltr'>nunc</span> <span class='ocrx_word' id='word_1_98' title='bbox 648 1636 688 1697; x_wconf 89' lang='lat' dir='ltr'>de</span> <span class='ocrx_word' id='word_1_99' title='bbox 712 1633 828 1698; x_wconf 89' lang='lat' dir='ltr'>clerico</span> <span class='ocrx_word' id='word_1_100' title='bbox 864 1656 897 1700; x_wconf 89' lang='lat' dir='ltr'>re</span> <span class='ocrx_word' id='word_1_101' title='bbox 929 1650 961 1701; x_wconf 89' lang='lat' dir='ltr'>ct</span> <span class='ocrx_word' id='word_1_102' title='bbox 983 1635 1124 1721; x_wconf 88' lang='lat' dir='ltr'>nomine,</span> <span class='ocrx_word' id='word_1_103' title='bbox 1157 1656 1243 1701; x_wconf 88' lang='lat' dir='ltr'>nunc</span> 
     </span>
     <span class='ocr_line' id='line_1_14' title="bbox 251 1738 1244 1821; baseline 0 -18"><span class='ocrx_word' id='word_1_104' title='bbox 251 1754 359 1803; x_wconf 88' lang='lat' dir='ltr'>nutem</span> <span class='ocrx_word' id='word_1_105' title='bbox 368 1740 406 1802; x_wconf 89' lang='lat' dir='ltr'>de</span> <span class='ocrx_word' id='word_1_106' title='bbox 419 1738 532 1802; x_wconf 89' lang='lat' dir='ltr'>clerico</span> <span class='ocrx_word' id='word_1_107' title='bbox 543 1739 631 1802; x_wconf 91' lang='lat' dir='ltr'>nudo</span> <span class='ocrx_word' id='word_1_108' title='bbox 641 1738 783 1820; x_wconf 89' lang='lat' dir='ltr'>nomine,</span> <span class='ocrx_word' id='word_1_109' title='bbox 800 1753 837 1803; x_wconf 91' lang='lat' dir='ltr'>ut</span> <span class='ocrx_word' id='word_1_110' title='bbox 846 1740 930 1821; x_wconf 84' lang='lat' dir='ltr'>XL¹,</span> <span class='ocrx_word' id='word_1_111' title='bbox 945 1740 976 1804; x_wconf 93' lang='lat' dir='ltr'>d.</span> <span class='ocrx_word' id='word_1_112' title='bbox 989 1741 1048 1803; x_wconf 91' lang='lat' dir='ltr'>sub</span> <span class='ocrx_word' id='word_1_113' title='bbox 1057 1740 1244 1805; x_wconf 87' lang='lat' dir='ltr'>auctoritate</span> 
     </span>
     <span class='ocr_line' id='line_1_15' title="bbox 252 1842 1244 1910; baseline 0.002 -2"><span class='ocrx_word' id='word_1_114' title='bbox 252 1843 462 1908; x_wconf 89' lang='lat' dir='ltr'>Chrisostomi</span> <span class='ocrx_word' id='word_1_115' title='bbox 496 1842 572 1906; x_wconf 90' lang='lat' dir='ltr'>dicit</span> <span class='ocrx_word' id='word_1_116' title='bbox 595 1842 724 1907; x_wconf 85' lang='lat' dir='ltr'>Canon:</span> <span class='ocrx_word' id='word_1_117' title='bbox 760 1845 861 1908; x_wconf 87' lang='lat' dir='ltr'>Multi</span> <span class='ocrx_word' id='word_1_118' title='bbox 890 1855 968 1909; x_wconf 84' lang='lat' dir='ltr'>sunt</span> <span class='ocrx_word' id='word_1_119' title='bbox 995 1844 1183 1910; x_wconf 79' lang='lat' dir='ltr'>sacerdotes</span> <span class='ocrx_word' id='word_1_120' title='bbox 1212 1855 1244 1909; x_wconf 86' lang='lat' dir='ltr'>et</span> 
     </span>
     <span class='ocr_line' id='line_1_16' title="bbox 213 1946 1242 2032; baseline -0.001 -17"><span class='ocrx_word' id='word_1_121' title='bbox 213 1950 349 2032; x_wconf 71' lang='lat' dir='ltr'>:spartei</span> <span class='ocrx_word' id='word_1_122' title='bbox 379 1957 454 2012; x_wconf 85' lang='lat' dir='ltr'>sunt</span> <span class='ocrx_word' id='word_1_123' title='bbox 484 1946 680 2027; x_wconf 76' lang='lat' dir='ltr'>sacerdotes,</span> <span class='ocrx_word' id='word_1_124' title='bbox 712 1948 809 2012; x_wconf 87' lang='lat' dir='ltr'>multi</span> <span class='ocrx_word' id='word_1_125' title='bbox 844 1949 877 2011; x_wconf 86' lang='lat' dir='ltr'>irr</span> <span class='ocrx_word' id='word_1_126' title='bbox 907 1951 1046 2024; x_wconf 84' lang='lat' dir='ltr'>nornine,</span> <span class='ocrx_word' id='word_1_127' title='bbox 1075 1950 1180 2032; x_wconf 80' lang='lat' dir='ltr'>pauci</span> <span class='ocrx_word' id='word_1_128' title='bbox 1208 1951 1242 2014; x_wconf 83' lang='lat' dir='ltr'>irs</span> 
     </span>
     <span class='ocr_line' id='line_1_17' title="bbox 251 2051 1242 2139; baseline 0.002 -22"><span class='ocrx_word' id='word_1_129' title='bbox 251 2074 360 2137; x_wconf 79' lang='lat' dir='ltr'>opere,</span> <span class='ocrx_word' id='word_1_130' title='bbox 393 2055 470 2138; x_wconf 82' lang='lat' dir='ltr'>quia</span> <span class='ocrx_word' id='word_1_131' title='bbox 501 2073 566 2116; x_wconf 84' lang='lat' dir='ltr'>nort</span> <span class='ocrx_word' id='word_1_132' title='bbox 598 2053 688 2117; x_wconf 84' lang='lat' dir='ltr'>locus</span> <span class='ocrx_word' id='word_1_133' title='bbox 718 2052 771 2116; x_wconf 85' lang='lat' dir='ltr'>vel</span> <span class='ocrx_word' id='word_1_134' title='bbox 792 2051 948 2116; x_wconf 76' lang='lat' dir='ltr'>cathedra</span> <span class='ocrx_word' id='word_1_135' title='bbox 971 2053 1064 2139; x_wconf 83' lang='lat' dir='ltr'>jacit</span> <span class='ocrx_word' id='word_1_136' title='bbox 1091 2063 1242 2119; x_wconf 78' lang='lat' dir='ltr'>sanctam</span> 
     </span>
     <span class='ocr_line' id='line_1_18' title="bbox 251 2157 1243 2245; baseline 0.002 -22"><span class='ocrx_word' id='word_1_137' title='bbox 251 2158 451 2223; x_wconf 84' lang='lat' dir='ltr'>sacerdotem</span> <span class='ocrx_word' id='word_1_138' title='bbox 475 2159 533 2224; x_wconf 84' lang='lat' dir='ltr'>sed</span> <span class='ocrx_word' id='word_1_139' title='bbox 552 2169 695 2225; x_wconf 84' lang='lat' dir='ltr'>econtra.</span> <span class='ocrx_word' id='word_1_140' title='bbox 711 2157 846 2222; x_wconf 84' lang='lat' dir='ltr'>Abiecta</span> <span class='ocrx_word' id='word_1_141' title='bbox 862 2157 969 2244; x_wconf 88' lang='lat' dir='ltr'>itaque</span> <span class='ocrx_word' id='word_1_142' title='bbox 985 2159 1043 2223; x_wconf 84' lang='lat' dir='ltr'>ista</span> <span class='ocrx_word' id='word_1_143' title='bbox 1059 2158 1243 2245; x_wconf 81' lang='lat' dir='ltr'>signscione</span> 
     </span>
     <span class='ocr_line' id='line_1_19' title="bbox 252 2262 1188 2350; baseline 0.003 -22"><span class='ocrx_word' id='word_1_144' title='bbox 252 2264 378 2329; x_wconf 78' lang='lat' dir='ltr'>difficile</span> <span class='ocrx_word' id='word_1_145' title='bbox 401 2264 481 2329; x_wconf 89' lang='lat' dir='ltr'>loret</span> <span class='ocrx_word' id='word_1_146' title='bbox 504 2263 581 2327; x_wconf 88' lang='lat' dir='ltr'>scire</span> <span class='ocrx_word' id='word_1_147' title='bbox 604 2264 676 2350; x_wconf 93' lang='lat' dir='ltr'>quis</span> <span class='ocrx_word' id='word_1_148' title='bbox 698 2276 781 2328; x_wconf 88' lang='lat' dir='ltr'>essct</span> <span class='ocrx_word' id='word_1_149' title='bbox 804 2263 937 2327; x_wconf 87' lang='lat' dir='ltr'>clericus</span> <span class='ocrx_word' id='word_1_150' title='bbox 959 2262 1009 2326; x_wconf 85' lang='lat' dir='ltr'>vel</span> <span class='ocrx_word' id='word_1_151' title='bbox 1031 2265 1188 2331; x_wconf 84' lang='lat' dir='ltr'>sacerdos.</span> 
     </span>
    </p>

    <p class='ocr_par' dir='ltr' id='par_1_3' title="bbox 212 2367 1470 2664">
     <span class='ocr_line' id='line_1_20' title="bbox 225 2367 1443 2455; baseline -0.003 -19"><span class='ocrx_word' id='word_1_152' title='bbox 225 2383 245 2436; x_wconf 80' lang='lat'>2</span> <span class='ocrx_word' id='word_1_153' title='bbox 296 2371 444 2434; x_wconf 89' lang='lat' dir='ltr'>Secundo</span> <span class='ocrx_word' id='word_1_154' title='bbox 460 2389 611 2452; x_wconf 89' lang='lat' dir='ltr'>suppono</span> <span class='ocrx_word' id='word_1_155' title='bbox 626 2368 714 2453; x_wconf 94' lang='lat' dir='ltr'>quod</span> <span class='ocrx_word' id='word_1_156' title='bbox 730 2367 862 2431; x_wconf 90' lang='lat' dir='ltr'>clericus</span> <span class='ocrx_word' id='word_1_157' title='bbox 878 2381 944 2432; x_wconf 87' lang='lat' dir='ltr'>tam</span> <span class='ocrx_word' id='word_1_158' title='bbox 967 2367 998 2431; x_wconf 93' lang='lat' dir='ltr'>in</span> <span class='ocrx_word' id='word_1_159' title='bbox 1014 2368 1131 2453; x_wconf 86' lang='lat' dir='ltr'>Anglia</span> <span class='ocrx_word' id='word_1_160' title='bbox 1146 2390 1246 2455; x_wconf 88' lang='lat' dir='ltr'>quam</span> <span class='ocrx_word' id='word_1_161' title='bbox 1286 2383 1310 2436; x_wconf 77' lang='lat' dir='ltr'>t)</span> <span class='ocrx_word' id='word_1_162' title='bbox 1322 2384 1372 2430; x_wconf 76' lang='lat' dir='ltr'>roae</span> <span class='ocrx_word' id='word_1_163' title='bbox 1386 2384 1405 2431; x_wconf 84' lang='lat' dir='ltr'>u</span> <span class='ocrx_word' id='word_1_164' title='bbox 1418 2386 1443 2432; x_wconf 72' lang='lat' dir='ltr'>t·</span> 
     </span>
     <span class='ocr_line' id='line_1_21' title="bbox 212 2436 1470 2560; baseline -0.002 -20"><span class='ocrx_word' id='word_1_165' title='bbox 212 2504 244 2540; x_wconf 89' lang='lat'>20</span> <span class='ocrx_word' id='word_1_166' title='bbox 253 2475 326 2538; x_wconf 89' lang='lat' dir='ltr'>alibi</span> <span class='ocrx_word' id='word_1_167' title='bbox 349 2490 455 2558; x_wconf 87' lang='lat' dir='ltr'>posset</span> <span class='ocrx_word' id='word_1_168' title='bbox 486 2487 773 2558; x_wconf 88' lang='lat' dir='ltr'>quantumcunque</span> <span class='ocrx_word' id='word_1_169' title='bbox 805 2472 978 2537; x_wconf 87' lang='lat' dir='ltr'>enormiter</span> <span class='ocrx_word' id='word_1_170' title='bbox 1003 2493 1133 2557; x_wconf 85' lang='lat' dir='ltr'>peccare</span> <span class='ocrx_word' id='word_1_171' title='bbox 1161 2436 1470 2560; x_wconf 54' lang='lat' dir='ltr'>quo-lillilrl‘al&#39;</span> 
     </span>
     <span class='ocr_line' id='line_1_22' title="bbox 252 2544 1413 2664; baseline -0.002 -21"><span class='ocrx_word' id='word_1_172' title='bbox 252 2600 378 2664; x_wconf 90' lang='lat' dir='ltr'>cunque</span> <span class='ocrx_word' id='word_1_173' title='bbox 393 2599 506 2663; x_wconf 79' lang='lat' dir='ltr'>genere</span> <span class='ocrx_word' id='word_1_174' title='bbox 521 2592 739 2663; x_wconf 75' lang='lat' dir='ltr'>peccatorum,</span> <span class='ocrx_word' id='word_1_175' title='bbox 763 2592 850 2662; x_wconf 88' lang='lat' dir='ltr'>patet</span> <span class='ocrx_word' id='word_1_176' title='bbox 866 2580 905 2641; x_wconf 92' lang='lat' dir='ltr'>de</span> <span class='ocrx_word' id='word_1_177' title='bbox 921 2576 1074 2663; x_wconf 88' lang='lat' dir='ltr'>episcopo</span> <span class='ocrx_word' id='word_1_178' title='bbox 1089 2577 1245 2660; x_wconf 85' lang='lat' dir='ltr'>Scarioth,</span> <span class='ocrx_word' id='word_1_179' title='bbox 1307 2544 1413 2601; x_wconf 56' lang='lat'>‘&#39;⁰⁸⁸¹&#39;‘</span> 
     </span>
    </p>

    <p class='ocr_par' dir='ltr' id='par_1_4' title="bbox 211 2681 1245 3398">
     <span class='ocr_line' id='line_1_23' title="bbox 253 2681 1245 2768; baseline -0.001 -20"><span class='ocrx_word' id='word_1_180' title='bbox 253 2686 291 2749; x_wconf 90' lang='lat' dir='ltr'>de</span> <span class='ocrx_word' id='word_1_181' title='bbox 322 2684 470 2768; x_wconf 90' lang='lat' dir='ltr'>religioso</span> <span class='ocrx_word' id='word_1_182' title='bbox 496 2683 607 2766; x_wconf 91' lang='lat' dir='ltr'>Sergio</span> <span class='ocrx_word' id='word_1_183' title='bbox 638 2697 670 2748; x_wconf 94' lang='lat' dir='ltr'>et</span> <span class='ocrx_word' id='word_1_184' title='bbox 701 2683 811 2747; x_wconf 90' lang='lat' dir='ltr'>multis</span> <span class='ocrx_word' id='word_1_185' title='bbox 843 2681 917 2746; x_wconf 87' lang='lat' dir='ltr'>aliis&#39;</span> <span class='ocrx_word' id='word_1_186' title='bbox 945 2682 1173 2761; x_wconf 90' lang='lat' dir='ltr'>sacerdotibus,</span> <span class='ocrx_word' id='word_1_187' title='bbox 1204 2683 1245 2747; x_wconf 89' lang='lat' dir='ltr'>de</span> 
     </span>
     <span class='ocr_line' id='line_1_24' title="bbox 252 2783 1244 2874; baseline -0.002 -21"><span class='ocrx_word' id='word_1_188' title='bbox 252 2789 368 2874; x_wconf 92' lang='lat' dir='ltr'>quibus</span> <span class='ocrx_word' id='word_1_189' title='bbox 389 2788 542 2872; x_wconf 86' lang='lat' dir='ltr'>scriptura</span> <span class='ocrx_word' id='word_1_190' title='bbox 565 2807 650 2850; x_wconf 89' lang='lat' dir='ltr'>sacra</span> <span class='ocrx_word' id='word_1_191' title='bbox 676 2799 707 2848; x_wconf 89' lang='lat' dir='ltr'>et</span> <span class='ocrx_word' id='word_1_192' title='bbox 730 2785 855 2848; x_wconf 86' lang='lat' dir='ltr'>cronice</span> <span class='ocrx_word' id='word_1_193' title='bbox 887 2783 1008 2850; x_wconf 81' lang='lat' dir='ltr'>faciunt</span> <span class='ocrx_word' id='word_1_194' title='bbox 1030 2785 1244 2869; x_wconf 83' lang='lat' dir='ltr'>mencionem,</span> 
     </span>
     <span class='ocr_line' id='line_1_25' title="bbox 252 2887 1244 2979; baseline -0.002 -22"><span class='ocrx_word' id='word_1_195' title='bbox 252 2914 364 2979; x_wconf 88' lang='lat' dir='ltr'>ymmo</span> <span class='ocrx_word' id='word_1_196' title='bbox 396 2892 554 2957; x_wconf 89' lang='lat' dir='ltr'>cotidiana</span> <span class='ocrx_word' id='word_1_197' title='bbox 578 2888 773 2975; x_wconf 85' lang='lat' dir='ltr'>experiencia</span> <span class='ocrx_word' id='word_1_198' title='bbox 804 2887 892 2950; x_wconf 90' lang='lat' dir='ltr'>idem</span> <span class='ocrx_word' id='word_1_199' title='bbox 915 2890 1018 2958; x_wconf 91' lang='lat' dir='ltr'>docet.</span> <span class='ocrx_word' id='word_1_200' title='bbox 1051 2892 1125 2956; x_wconf 90' lang='lat' dir='ltr'>Non</span> <span class='ocrx_word' id='word_1_201' title='bbox 1157 2890 1244 2955; x_wconf 89' lang='lat' dir='ltr'>enim</span> 
     </span>
     <span class='ocr_line' id='line_1_26' title="bbox 211 2991 1244 3082; baseline -0.005 -18"><span class='ocrx_word' id='word_1_202' title='bbox 211 2999 346 3064; x_wconf 78' lang='lat' dir='ltr'>25habet</span> <span class='ocrx_word' id='word_1_203' title='bbox 376 2998 506 3061; x_wconf 91' lang='lat' dir='ltr'>clericus</span> <span class='ocrx_word' id='word_1_204' title='bbox 530 2995 576 3082; x_wconf 91' lang='lat' dir='ltr'>(iu</span> <span class='ocrx_word' id='word_1_205' title='bbox 608 3005 767 3076; x_wconf 85' lang='lat' dir='ltr'>quantum</span> <span class='ocrx_word' id='word_1_206' title='bbox 789 2991 991 3073; x_wconf 82' lang='lat' dir='ltr'>huiusmodi)</span> <span class='ocrx_word' id='word_1_207' title='bbox 1026 2994 1156 3061; x_wconf 91' lang='lat' dir='ltr'>titulum</span> <span class='ocrx_word' id='word_1_208' title='bbox 1187 3016 1244 3061; x_wconf 91' lang='lat' dir='ltr'>sue</span> 
     </span>
     <span class='ocr_line' id='line_1_27' title="bbox 252 3095 1245 3175; baseline -0.001 -10"><span class='ocrx_word' id='word_1_209' title='bbox 252 3100 505 3167; x_wconf 88' lang='lat' dir='ltr'>confirmacionis</span> <span class='ocrx_word' id='word_1_210' title='bbox 528 3119 546 3161; x_wconf 85' lang='lat' dir='ltr'>a</span> <span class='ocrx_word' id='word_1_211' title='bbox 562 3095 706 3175; x_wconf 92' lang='lat' dir='ltr'>domino,</span> <span class='ocrx_word' id='word_1_212' title='bbox 730 3095 786 3157; x_wconf 89' lang='lat' dir='ltr'>sed</span> <span class='ocrx_word' id='word_1_213' title='bbox 802 3117 841 3159; x_wconf 87' lang='lat' dir='ltr'>ex</span> <span class='ocrx_word' id='word_1_214' title='bbox 857 3097 1044 3163; x_wconf 89' lang='lat' dir='ltr'>testimonio</span> <span class='ocrx_word' id='word_1_215' title='bbox 1059 3112 1245 3165; x_wconf 88' lang='lat' dir='ltr'>sanctorum</span> 
     </span>
     <span class='ocr_line' id='line_1_28' title="bbox 253 3199 1244 3288; baseline -0.001 -18"><span class='ocrx_word' id='word_1_216' title='bbox 253 3209 423 3272; x_wconf 89' lang='lat' dir='ltr'>doctorum</span> <span class='ocrx_word' id='word_1_217' title='bbox 454 3205 609 3269; x_wconf 89' lang='lat' dir='ltr'>habemus</span> <span class='ocrx_word' id='word_1_218' title='bbox 640 3199 729 3283; x_wconf 89' lang='lat' dir='ltr'>quod</span> <span class='ocrx_word' id='word_1_219' title='bbox 762 3200 890 3264; x_wconf 86' lang='lat' dir='ltr'>racione</span> <span class='ocrx_word' id='word_1_220' title='bbox 925 3203 1086 3288; x_wconf 81' lang='lat' dir='ltr'>dignitatis</span> <span class='ocrx_word' id='word_1_221' title='bbox 1124 3204 1244 3269; x_wconf 91' lang='lat' dir='ltr'>ordinis</span> 
     </span>
     <span class='ocr_line' id='line_1_29' title="bbox 252 3302 1244 3398; baseline -0.002 -24"><span class='ocrx_word' id='word_1_222' title='bbox 252 3326 284 3376; x_wconf 91' lang='lat' dir='ltr'>et</span> <span class='ocrx_word' id='word_1_223' title='bbox 305 3310 468 3398; x_wconf 85' lang='lat' dir='ltr'>dyabolice</span> <span class='ocrx_word' id='word_1_224' title='bbox 498 3302 720 3389; x_wconf 85' lang='lat' dir='ltr'>temptacionis</span> <span class='ocrx_word' id='word_1_225' title='bbox 751 3305 827 3388; x_wconf 87' lang='lat' dir='ltr'>plus</span> <span class='ocrx_word' id='word_1_226' title='bbox 858 3327 969 3391; x_wconf 80' lang='lat' dir='ltr'>aspere</span> <span class='ocrx_word' id='word_1_227' title='bbox 996 3321 1129 3392; x_wconf 86' lang='lat' dir='ltr'>peccant</span> <span class='ocrx_word' id='word_1_228' title='bbox 1156 3329 1244 3372; x_wconf 92' lang='lat' dir='ltr'>com·</span> 
     </span>
    </p>
   </div>
   <div class='ocr_carea' id='block_1_3' title="bbox 253 3409 1244 3499">
    <p class='ocr_par' dir='ltr' id='par_1_5' title="bbox 253 3409 1244 3499">
     <span class='ocr_line' id='line_1_30' title="bbox 253 3409 1244 3499; baseline -0.001 -20"><span class='ocrx_word' id='word_1_229' title='bbox 253 3416 389 3479; x_wconf 88' lang='lat' dir='ltr'>munirer</span> <span class='ocrx_word' id='word_1_230' title='bbox 402 3413 529 3499; x_wconf 82' lang='lat' dir='ltr'>gravius</span> <span class='ocrx_word' id='word_1_231' title='bbox 543 3430 642 3496; x_wconf 89' lang='lat' dir='ltr'>quam</span> <span class='ocrx_word' id='word_1_232' title='bbox 657 3409 814 3492; x_wconf 82' lang='lat' dir='ltr'>vulgares,</span> <span class='ocrx_word' id='word_1_233' title='bbox 837 3409 920 3474; x_wconf 90' lang='lat' dir='ltr'>sicut</span> <span class='ocrx_word' id='word_1_234' title='bbox 935 3411 1061 3477; x_wconf 89' lang='lat' dir='ltr'>oculata</span> <span class='ocrx_word' id='word_1_235' title='bbox 1083 3412 1145 3478; x_wconf 89' lang='lat' dir='ltr'>fide</span> <span class='ocrx_word' id='word_1_236' title='bbox 1166 3434 1244 3478; x_wconf 92' lang='lat' dir='ltr'>con·</span> 
     </span>
    </p>
   </div>
   <div class='ocr_carea' id='block_1_4' title="bbox 290 3632 1243 3692">
    <p class='ocr_par' dir='ltr' id='par_1_6' title="bbox 290 3632 1243 3692">
     <span class='ocr_line' id='line_1_31' title="bbox 290 3632 1243 3692; baseline -0.004 -7"><span class='ocrx_word' id='word_1_237' title='bbox 290 3639 311 3685; x_wconf 81' lang='grc'>5.</span> <span class='ocrx_word' id='word_1_238' title='bbox 325 3639 347 3683; x_wconf 78' lang='grc' dir='ltr'><strong>Α</strong></span> <span class='ocrx_word' id='word_1_239' title='bbox 356 3635 380 3682; x_wconf 85' lang='lat' dir='ltr'>lu</span> <span class='ocrx_word' id='word_1_240' title='bbox 390 3645 477 3692; x_wconf 58' lang='lat' dir='ltr'>marga</span> <span class='ocrx_word' id='word_1_241' title='bbox 488 3632 548 3679; x_wconf 77' lang='lat' dir='ltr'>Tres</span> <span class='ocrx_word' id='word_1_242' title='bbox 559 3632 750 3690; x_wconf 81' lang='lat' dir='ltr'>supposlcioner.</span> <span class='ocrx_word' id='word_1_243' title='bbox 762 3635 778 3679; x_wconf 84' lang='grc' dir='ltr'><strong>Β</strong></span> <span class='ocrx_word' id='word_1_244' title='bbox 789 3635 812 3680; x_wconf 90' lang='lat' dir='ltr'>lu</span> <span class='ocrx_word' id='word_1_245' title='bbox 823 3647 912 3691; x_wconf 55' lang='lat' dir='ltr'>marga</span> <span class='ocrx_word' id='word_1_246' title='bbox 922 3633 984 3681; x_wconf 80' lang='lat' dir='ltr'>Nota</span> <span class='ocrx_word' id='word_1_247' title='bbox 992 3641 1041 3680; x_wconf 85' lang='lat' dir='ltr'>tres</span> <span class='ocrx_word' id='word_1_248' title='bbox 1050 3635 1243 3692; x_wconf 76' lang='lat' dir='ltr'>rupposlclones.</span> 
     </span>
    </p>
   </div>
   <div class='ocr_carea' id='block_1_5' title="bbox 253 3701 1243 3818">
    <p class='ocr_par' dir='ltr' id='par_1_7' title="bbox 253 3701 1243 3818">
     <span class='ocr_line' id='line_1_32' title="bbox 253 3701 1243 3818; baseline -0.004 -29"><span class='ocrx_word' id='word_1_249' title='bbox 253 3701 614 3818; x_wconf 50' lang='lat' dir='ltr'>14.15.Alnmsrss.=ss&#39;::&#39;e¹,&gt;</span> <span class='ocrx_word' id='word_1_250' title='bbox 628 3741 771 3787; x_wconf 80' lang='lat' dir='ltr'>sacerdotes.</span> <span class='ocrx_word' id='word_1_251' title='bbox 853 3739 883 3787; x_wconf 80' lang='grc' dir='ltr'>ι5.</span> <span class='ocrx_word' id='word_1_252' title='bbox 897 3738 924 3785; x_wconf 85' lang='lat' dir='ltr'>io</span> <span class='ocrx_word' id='word_1_253' title='bbox 935 3750 1040 3785; x_wconf 82' lang='lat' dir='ltr'>canones</span> <span class='ocrx_word' id='word_1_254' title='bbox 1053 3738 1119 3785; x_wconf 83' lang='lat' dir='ltr'>multi</span> <span class='ocrx_word' id='word_1_255' title='bbox 1135 3738 1243 3785; x_wconf 82' lang='lat' dir='ltr'>nomiae.</span> 
     </span>
    </p>
   </div>
   <div class='ocr_carea' id='block_1_6' title="bbox 252 3842 1244 4039">
    <p class='ocr_par' dir='ltr' id='par_1_8' title="bbox 252 3842 1244 4039">
     <span class='ocr_line' id='line_1_33' title="bbox 253 3842 1243 3894; baseline -0.004 0"><span class='ocrx_word' id='word_1_256' title='bbox 253 3848 286 3894; x_wconf 83' lang='lat' dir='ltr'>ro.</span> <span class='ocrx_word' id='word_1_257' title='bbox 305 3843 367 3891; x_wconf 85' lang='lat' dir='ltr'>iblds</span> <span class='ocrx_word' id='word_1_258' title='bbox 385 3843 439 3889; x_wconf 82' lang='lat' dir='ltr'>lacit</span> <span class='ocrx_word' id='word_1_259' title='bbox 451 3842 598 3889; x_wconf 77' lang='lat' dir='ltr'>sacerdotem</span> <span class='ocrx_word' id='word_1_260' title='bbox 617 3844 659 3890; x_wconf 86' lang='lat' dir='ltr'>sed</span> <span class='ocrx_word' id='word_1_261' title='bbox 679 3845 793 3891; x_wconf 80' lang='lat' dir='ltr'>sacerdos</span> <span class='ocrx_word' id='word_1_262' title='bbox 810 3844 957 3890; x_wconf 78' lang='lat' dir='ltr'>cathedram.</span> <span class='ocrx_word' id='word_1_263' title='bbox 1062 3856 1099 3890; x_wconf 80' lang='lat' dir='ltr'>so.</span> <span class='ocrx_word' id='word_1_264' title='bbox 1120 3844 1151 3889; x_wconf 68' lang='lat' dir='ltr'>us</span> <span class='ocrx_word' id='word_1_265' title='bbox 1174 3856 1243 3891; x_wconf 82' lang='lat' dir='ltr'>enor-</span> 
     </span>
     <span class='ocr_line' id='line_1_34' title="bbox 252 3913 1244 3981; baseline 0 -20"><span class='ocrx_word' id='word_1_266' title='bbox 252 3914 321 3981; x_wconf 83' lang='lat' dir='ltr'>miter</span> <span class='ocrx_word' id='word_1_267' title='bbox 337 3925 441 3973; x_wconf 82' lang='lat' dir='ltr'>precare.</span> <span class='ocrx_word' id='word_1_268' title='bbox 548 3924 581 3958; x_wconf 73' lang='lat' dir='ltr'>es.</span> <span class='ocrx_word' id='word_1_269' title='bbox 603 3914 666 3970; x_wconf 58' lang='lat' dir='ltr'>Astu</span> <span class='ocrx_word' id='word_1_270' title='bbox 679 3927 769 3969; x_wconf 58' lang='lat' dir='ltr'>marga</span> <span class='ocrx_word' id='word_1_271' title='bbox 788 3915 817 3960; x_wconf 86' lang='lat' dir='ltr'>Et</span> <span class='ocrx_word' id='word_1_272' title='bbox 830 3915 939 3960; x_wconf 70' lang='lat' dir='ltr'>iohanne</span> <span class='ocrx_word' id='word_1_273' title='bbox 957 3927 1017 3977; x_wconf 69' lang='lat' dir='ltr'>papa</span> <span class='ocrx_word' id='word_1_274' title='bbox 1037 3913 1179 3973; x_wconf 83' lang='lat' dir='ltr'>xx111.qut</span> <span class='ocrx_word' id='word_1_275' title='bbox 1198 3927 1244 3973; x_wconf 82' lang='lat' dir='ltr'>pro</span> 
     </span>
     <span class='ocr_line' id='line_1_35' title="bbox 252 3981 1099 4039; baseline 0 -9"><span class='ocrx_word' id='word_1_276' title='bbox 252 3985 355 4030; x_wconf 76' lang='lat' dir='ltr'>heretico</span> <span class='ocrx_word' id='word_1_277' title='bbox 368 3992 390 4030; x_wconf 94' lang='lat' dir='ltr'>et</span> <span class='ocrx_word' id='word_1_278' title='bbox 403 3982 500 4027; x_wconf 81' lang='lat' dir='ltr'>diabolo</span> <span class='ocrx_word' id='word_1_279' title='bbox 513 3981 635 4029; x_wconf 81' lang='lat' dir='ltr'>incarnato</span> <span class='ocrx_word' id='word_1_280' title='bbox 649 3991 686 4029; x_wconf 85' lang='lat' dir='ltr'>est</span> <span class='ocrx_word' id='word_1_281' title='bbox 699 3984 890 4039; x_wconf 79' lang='lat' dir='ltr'>condempnatus</span> <span class='ocrx_word' id='word_1_282' title='bbox 904 3985 928 4030; x_wconf 85' lang='lat' dir='ltr'>ln</span> <span class='ocrx_word' id='word_1_283' title='bbox 944 3983 1099 4032; x_wconf 76' lang='lat' dir='ltr'>Constantis.</span> 
     </span>
    </p>
   </div>
   <div class='ocr_carea' id='block_1_7' title="bbox 252 4158 1243 4320">
    <p class='ocr_par' dir='ltr' id='par_1_9' title="bbox 252 4158 1243 4320">
     <span class='ocr_line' id='line_1_36' title="bbox 298 4158 1243 4235; baseline -0.001 -20"><span class='ocrx_word' id='word_1_284' title='bbox 298 4161 337 4215; x_wconf 75' lang='lat'>13.</span> <span class='ocrx_word' id='word_1_285' title='bbox 354 4160 457 4214; x_wconf 86' lang='lat' dir='ltr'>Decreti</span> <span class='ocrx_word' id='word_1_286' title='bbox 469 4158 554 4235; x_wconf 79' lang='lat' dir='ltr'>prims</span> <span class='ocrx_word' id='word_1_287' title='bbox 567 4177 637 4231; x_wconf 80' lang='lat' dir='ltr'>pars,</span> <span class='ocrx_word' id='word_1_288' title='bbox 650 4162 710 4214; x_wconf 88' lang='lat' dir='ltr'>dist.</span> <span class='ocrx_word' id='word_1_289' title='bbox 723 4162 781 4227; x_wconf 81' lang='lat' dir='ltr'>XL,</span> <span class='ocrx_word' id='word_1_290' title='bbox 792 4176 816 4213; x_wconf 84' lang='lat' dir='ltr'>c.</span> <span class='ocrx_word' id='word_1_291' title='bbox 825 4161 872 4214; x_wconf 79' lang='grc' dir='ltr'>ΧΠ</span> <span class='ocrx_word' id='word_1_292' title='bbox 891 4161 942 4214; x_wconf 87' lang='lat' dir='ltr'>sub</span> <span class='ocrx_word' id='word_1_293' title='bbox 957 4162 1114 4231; x_wconf 78' lang='lat' dir='ltr'>auctoritate</span> <span class='ocrx_word' id='word_1_294' title='bbox 1127 4160 1243 4216; x_wconf 79' lang='lat' dir='ltr'>suctorls</span> 
     </span>
     <span class='ocr_line' id='line_1_37' title="bbox 252 4247 962 4320; baseline -0.001 -19"><span class='ocrx_word' id='word_1_295' title='bbox 252 4248 348 4320; x_wconf 80' lang='lat' dir='ltr'>Operis</span> <span class='ocrx_word' id='word_1_296' title='bbox 366 4247 513 4320; x_wconf 78' lang='lat' dir='ltr'>imperfecti</span> <span class='ocrx_word' id='word_1_297' title='bbox 532 4247 558 4298; x_wconf 86' lang='lat' dir='ltr'>ln</span> <span class='ocrx_word' id='word_1_298' title='bbox 578 4249 668 4302; x_wconf 82' lang='lat' dir='ltr'>Matth.</span> <span class='ocrx_word' id='word_1_299' title='bbox 685 4247 762 4301; x_wconf 88' lang='lat' dir='ltr'>hom.</span> <span class='ocrx_word' id='word_1_300' title='bbox 780 4247 824 4315; x_wconf 81' lang='lat'>43,</span> <span class='ocrx_word' id='word_1_301' title='bbox 842 4264 901 4319; x_wconf 82' lang='lat' dir='ltr'>cap.</span> <span class='ocrx_word' id='word_1_302' title='bbox 922 4247 962 4319; x_wconf 64' lang='lat'>,²3-</span> 
     </span>
    </p>
   </div>
   <div class='ocr_carea' id='block_1_8' title="bbox 0 0 1636 5226">
    <p class='ocr_par' dir='ltr' id='par_1_10' title="bbox 0 0 1636 5226">
     <span class='ocr_line' id='line_1_38' title="bbox 0 0 1636 5226; baseline 0 1"><span class='ocrx_word' id='word_1_303' title='bbox 0 0 1636 5226; x_wconf 95' lang='lat' dir='ltr'> </span> 
     </span>
    </p>
   </div>
  </div>
 </body>
</html>
