3262 5226
725 360 895 415 sorranus
912 360 1064 415 wrcnrr.
1281 334 1401 428 [cmv.

409 519 485 584 tales
515 518 715 604 particulares
747 516 889 584 ecclesie:
928 517 1001 581 ideo
1035 517 1160 581 decreta
1193 513 1326 579 'ecclesie
1358 526 1390 577 et
1402 526 1464 597 ¹4¹⁸
1479 527 1508 583 Β

410 622 507 688 sancti
528 624 675 687 doctores
696 642 763 686 non
785 622 901 687 debent
921 642 1036 687 vocare
1059 621 1145 684 illam
1168 618 1391 705 particularem

409 725 1205 814 ι

222 887 493 1075 ’ἱξξῐηῑηιιςιι
522 936 612 1000 illam
643 879 817 1002 secundum
838 937 943 1021 legem
974 934 1092 1001 Christi
1119 935 1332 1021 principaliter
1361 946 1419 1002 etl

248 1030 284 1087 ¹¹⁸
300 1031 340 1089 ¹¹¹·
408 1039 578 1125 capitaliter
598 1053 665 1104 tam
686 1039 720 1104 in
734 1041 875 1106 moribus
898 1062 996 1127 quam
1017 1041 1052 1105 in
1075 1040 1178 1104 dubiis
1201 1039 1393 1123 decidendis,

408 1158 483 1209 tunc
506 1164 582 1208 cum
605 1164 666 1208 suo
695 1145 829 1231 collegio
860 1158 965 1230 potest
987 1144 1049 1209 dici
1072 1144 1244 1211 virtualiter
1266 1144 1392 1210 univer·

407 1247 479 1312 salis
493 1248 665 1314 ecclesiain
677 1248 798 1314 ellectu.
815 1250 877 1315 Sed
898 1250 957 1315 hec
979 1264 1026 1315 est
1041 1251 1148 1315 solum
1170 1271 1227 1335 per
1248 1249 1392 1315 accidens

407 1353 589 1438 dependens
611 1354 651 1417 ab
672 1375 767 1440 opere
789 1367 822 1420 et
842 1374 910 1419 non
932 1375 951 1418 a
973 1355 1062 1419 nudo
1085 1355 1226 1420 nomine.

193 1445 281 1546 22¹5.
298 1443 399 1553 „Q
448 1458 542 1525 Unde
575 1455 626 1545 (ut
641 1457 704 1523 dixi
725 1455 885 1549 superius)
908 1461 996 1524 solus
1018 1459 1163 1525 Christus
1185 1473 1292 1545 potest
1325 1478 1391 1523 esse
1404 1486 1436 1526 ιο

406 1577 501 1647 caput
528 1563 658 1628 ecclesie
685 1569 791 1630 sancte
822 1564 987 1631 catholice.
1009 1564 1090 1649 Ipsa
1121 1566 1207 1630 enim
1235 1563 1287 1649 (ut
1317 1562 1392 1629 dicit

405 1668 603 1751 Augustinus
625 1669 658 1732 in
685 1669 818 1754 epistola
848 1671 888 1734 ad
920 1670 1118 1756 Dardanum)
1141 1665 1236 1734 ha'bel
1254 1669 1391 1734 *solum-

407 1772 502 1836 modo
526 1793 625 1837 unum
648 1785 763 1859 capu&
785 1795 843 1840 nec
858 1789 967 1840 movet
989 1777 1079 1860 quod
1093 1774 1270 1861 respublica
1299 1773 1394 1838 habet

406 1877 630 1962 imperatorem
661 1894 693 1944 et
723 1901 839 1965 papam
872 1879 975 1964 capita
1007 1901 1112 1945 unum
1146 1878 1392 1945 subordinatum

407 1981 494 2046 alteri
518 1980 569 2069 (ut
589 1983 799 2069 exemplificat
821 1984 973 2049 dominus
994 1981 1241 2070 Ardmacanus).
1405 1994 1437 2050 ι5

194 2084 398 2194 gffiffl’ffgp
448 2088 533 2151 Nam
555 2102 651 2172 caput
672 2089 774 2153 tocius
795 2089 924 2153 ecclesie
952 2103 1080 2174 oportet
1106 2087 1237 2153 simul
1228 2109 1263 2152 ιιι
1290 2104 1393 2152 unum

220 2192 310 2235 *ΜΝ
322 2193 379 2236 ¹³¹²
407 2191 585 2276 exemplare
612 2206 678 2257 tam
708 2193 868 2279 spirituale
894 2215 993 2280 quam
1023 2193 1163 2259 seculare
1185 2213 1331 2280 regnum,
1361 2205 1393 2256 et

406 2316 482 2362 cum
505 2296 566 2360 hoc
588 2317 721 2382 regnum
743 2298 890 2363 ierarchie
913 2299 1036 2363 celestis
1064 2300 1104 2362 ad
1132 2298 1221 2384 quod
1247 2295 1393 2362 officium

407 2402 495 2466 nulla
525 2401 586 2465 alia
607 2416 747 2468 creatura
772 2417 877 2488 potest
910 2403 1074 2488 attingere.
1108 2403 1201 2469 Unde
1234 2403 1315 2467 bene
1346 2414 1393 2465 est

405 2525 498 2624 pape,
521 2502 547 2568 si
575 2506 671 2572 habet
697 2528 715 2570 a
746 2507 874 2573 Christo
900 2508 1050 2572 virtutem
1081 2508 1122 2570 ad
1150 2507 1327 2591 regendum
1359 2525 1437 2567 seso

405 2608 558 2693 ipsamet
572 2611 724 2695 pauculas
746 2632 822 2676 oves
844 2611 876 2675 in
892 2611 1117 2697 spiritualibus,
1131 2611 1205 2675 licet
1217 2627 1294 2674 'non
1309 2610 1391 2674 blas·

203 2697 390 2826 ᾞῇζιξῗ·
405 2714 536 2797 phemet
550 2715 674 2800 quod
650 2730 690 2781 stt
703 2731 799 2801 caput
813 2715 996 2781 universalis
1018 2715 1148 2780 ecclesie
1174 2717 1258 2800 paris
1284 2730 1391 2802 potes·

228 2815 364 2874 ΨΜ»
405 2817 477 2882 tatis
508 2838 583 2883 cum
614 2819 751 2886 Christo.
788 2822 855 2886 Nec
888 2821 982 2884 debet
1013 2819 1081 2885 eius
1114 2819 1247 2885 vicarius
1279 2822 1393 2887 sentire

405 2921 540 2990 heretice
561 2925 651 3008 quod
673 2939 760 3010 regat
781 2925 951 3011 parcialem
974 2924 1139 2988 ecclesiam
1160 2923 1303 2991 viantem
1326 2940 1393 2991 tam

407 3027 585 3092 seculariter
614 3049 713 3114 quam
743 3030 962 3114 spiritualiter,
997 3030 1078 3094 dum
1109 3029 1253 3093 Christus
1287 3032 1436 3096 solumss

407 3131 610 3215 spiritualiter
630 3133 708 3198 rexit
722 3148 889 3220 utramque
905 3132 1079 3200 ecclesiam.
1098 3133 1172 3197 ldeo
1188 3133 1305 3199 sufficit
1326 3136 1394 3200 eius

407 3235 522 3300 vicario
544 3237 635 3321 quod
656 3251 721 3302 tam
743 3238 776 3302 in
803 3239 1033 3323 temporalibus
1061 3258 1160 3324 quam
1187 3237 1218 3300 in
1246 3237 1393 3322 spiritua-

408 3339 490 3404 libus
513 3355 600 3425 regat
622 3341 863 3426 spiritualiter
838 3364 904 3408 erus
920 3342 1133 3408 iuvenculam.
1156 3343 1240 3407 Nam
1256 3342 1393 3406 vivendo

408 3444 586 3509 seculariter
616 3445 761 3510 Christus
792 3468 858 3511 non
880 3447 988 3532 potuit
1017 3447 1194 3531 exemplare
1221 3460 1395 3532 utrumque

409 3546 562 3614 officium.
587 3551 765 3678 Quomodo
788 3572 863 3636 ergo
885 3550 954 3615 eius
975 3545 1128 3615 vicarius?
1385 3559 1438 3612 3ο

449 3817 481 3851 ιο.
494 3807 517 3852 Α
531 3805 554 3852 ln
570 3815 660 3863 marg-r
678 3805 775 3852 Solnclo
789 3805 903 3852 oblectas.
917 3805 987 3852 Solus
1001 3804 1110 3852 Christus
1136 3813 1173 3852 est
1198 3813 1269 3865 caput
1295 3807 1394 3854 eeclesle

409 3875 621 3921 moctemthollee.
724 3888 756 3930 ¹4
772 3875 801 3921 82
816 3887 889 3920 unum
903 3876 982 3921 scribo
997 3874 1126 3922 enlmsturn
1140 3877 1213 3922 alteri.
1318 3877 1348 3926 rs.
1362 3877 1394 3924 Bt

410 3944 521 3988 dominns
534 3943 708 3991 Dardlaeadus.
791 3957 828 4000 aa.
838 3944 893 3992 Ala
903 3957 990 4002 marga
1006 3945 1104 3992 Soluclo
1117 3947 1232 3993 oblectas
1247 3946 1311 4005 l’rps
1325 3947 1393 3995 debet

410 4013 558 4071 spirltuallter
567 4021 778 4074 regerentramque
791 4021 882 4075 partera
896 4014 993 4061 ecelesle
1011 4023 1034 4062 et
1046 4028 1094 4063 aaa
1114 4016 1256 4070 seculariter.
1320 4015 1358 4064 aa
1371 4019 1395 4065 Α

409 4080 434 4127 le
447 4093 532 4141 ιιιιιμ
546 4081 684 4133 cannula

458 4283 556 4350 ta'Cl.
574 4298 646 4369 Opp.
664 4299 731 4368 hug.
749 4299 781 4366 ll,
798 4315 857 4368 pag.
875 4295 935 4367 678.
