3262 5226
122 470 173 687 'p
298 524 367 573 cte.
380 500 411 596 r]
672 518 718 571 ne
735 515 915 571 accuratu

164 688 327 761 ·0130·irt
350 679 496 764 eoquod
523 673 711 762 malefacit
739 673 808 737 noli
830 693 903 737 eum
922 673 1047 757 patar'e
1068 683 1169 756 caput
1190 683 1282 737 tuam

162 784 168 797 ’
292 788 350 854 seri
378 806 427 849 me
449 784 556 847 Deum
583 792 685 844 tauta.
717 777 758 840 lit
780 778 896 860 probat
917 777 979 841 hoc
1003 777 1116 842 debere
1138 775 1215 841 fieri.
1246 777 1285 840 Si

294 890 396 976 inquit
416 891 451 953 irr
472 889 533 950 troc
553 883 640 968 quod
662 883 747 945 mate
760 879 852 967 sacit
873 892 974 964 caput
995 891 1053 959 est,
1076 891 1110 946 et
1129 901 1284 946 consecu-

291 1007 401 1059 turam
425 1003 471 1056 est
492 1009 611 1074 corpas
630 996 727 1070 caput
742 1005 850 1069 suum,
874 996 954 1050 euat
967 988 1063 1050 ambo
1078 987 1113 1050 iri
1124 987 1284 1070 precipu-

162 1074 175 1199 ἶ
267 1101 388 1167 scium.
431 1096 471 1160 Ut
501 1105 607 1158 autem
639 1091 837 1155 christianus
869 1109 935 1154 non
967 1101 1126 1175 sequatur
1157 1090 1282 1155 malam

169 1204 174 1211 '
291 1213 388 1287 caput
418 1220 524 1280 suum,
556 1206 664 1262 terreat
689 1214 724 1259 se
751 1195 796 1258 ad
818 1205 917 1278 caput
944 1196 1078 1259 ecclesie
1105 1194 1283 1272 Christum,

290 1309 365 1370 lruic
386 1305 505 1368 debeas
526 1303 703 1367 castitatem
726 1318 832 1381 suam,
856 1301 932 1365 haic
954 1299 1110 1384 desereres
1124 1301 1282 1363 bonorem
1373 1374 1376 1379 ,
1403 1362 1409 1374 ,

167 1490 175 1503 ,
290 1431 395 1485 saum,
426 1409 544 1472 absens
565 1407 606 1470 sit
628 1406 680 1468 vir
695 1406 861 1487 privatas,
879 1423 1021 1488 presens
1042 1406 1086 1469 sit
1108 1405 1160 1470 vir
1182 1404 1286 1470 matri

169 1512 177 1591 ζ
291 1514 422 1579 ecclesie
443 1515 648 1597 coniugatus.
1289 1507 1292 1513 “

166 1594 179 1695 f
227 1633 283 1685 130·
333 1619 421 1682 Patet
437 1636 512 1700 ergo
527 1615 626 1701 quod,
646 1613 728 1677 sicut
743 1611 906 1677 infinitum
920 1612 1077 1677 maiorem
1091 1611 1284 1679 honorem*

293 1721 443 1785 debemus
466 1721 547 1804 patri
562 1716 715 1804 spirituali
731 1717 867 1781 domino
882 1718 955 1781 Jesu
973 1716 1102 1782 Christo
1117 1732 1148 1782 et
1163 1738 1284 1803 sponse

291 1848 346 1890 sue
361 1825 486 1890 ecclesie
502 1846 565 1910 que
581 1837 628 1889 est
640 1824 771 1909 regina,
786 1824 943 1888 assistens
957 1823 1136 1888 adexteris
1150 1825 1223 1887 cias
1231 1817 1283 1909 (ut

173 1992 180 1999 .
291 1925 673 2015 diciturPsal.XLlV⁰,to)
683 1949 782 2013 quam
793 1927 886 1991 alicui
900 1927 1023 2013 parenti
1033 1931 1144 1992 nostro
1153 1925 1281 2008 carnali,

175 2022 180 2105 'J
291 2035 333 2097 sic
356 2054 451 2097 nemo
474 2047 520 2097 est
543 2053 655 2118 parens
677 2032 726 2095 vel
749 2033 854 2116 proles
876 2031 972 2095 huius
991 2031 1113 2097 celestis
1128 2029 1281 2115 coniugii,

253 2138 347 2201 15nisi
371 2137 462 2202 iaciat
482 2138 625 2202 debitum
647 2136 736 2221 quod
758 2131 803 2199 in'
810 2136 1086 2220 predestinacione
1105 2134 1213 2199 divina
1232 2147 1282 2199 est

173 2230 180 2337 ζ
291 2243 477 2326 deputatum
499 2242 550 2305 isti
573 2240 690 2306 officio.
714 2242 798 2305 Nam
821 2260 889 2304 esse
910 2253 1008 2325 caput
1026 2241 1076 2304 vel
1096 2239 1282 2304 membrum

175 2426 179 2431 Ι
291 2360 394 2409 sancte
417 2345 523 2409 matris
546 2345 674 2411 ecclesie
696 2359 744 2411 est
764 2343 1014 2429 inseparabiliter
1035 2366 1155 2409 nomen
1171 2343 1280 2410 officii.

171 2514 176 2535 ¹
256 2456 283 2510 Ρ
334 2450 379 2513 Ex
408 2450 473 2514 istis
503 2450 640 2534 septimo
668 2449 810 2536 sequitur
835 2448 925 2534 quod
949 2449 1103 2514 dominus
1125 2469 1220 2534 papa,
1254 2448 1280 2512 si
1289 2459 1505 2511 &reuiuescere-

1290 2513 1353 2559 sion.
1365 2514 1420 2561 'l'be

292 2553 517 2637 predestinatus
533 2569 579 2619 est
591 2570 622 2620 et
637 2569 758 2620 exercet
772 2555 930 2640 pastorale
946 2551 1103 2635 officium,
1120 2569 1168 2618 est
1183 2566 1505 2668 ‘apuussffissffffl'

170 2648 177 2751 J
251 2679 281 2714 ιο
291 2671 375 2722 tante
397 2659 561 2724 militantis
583 2659 711 2723 ecclesie
733 2673 888 2744 quantam
910 2659 1001 2744 regit,
1025 2673 1062 2723 ut
1084 2658 1110 2722 si
1133 2658 1177 2723 sic
1200 2670 1332 2767 regttpl:e
1340 2674 1509 2773 ⁹2¹2&ss

175 2848 177 2853 Ι
291 2762 462 2845 capitaliter
488 2766 664 2828 secundum
691 2764 795 2849 legem
822 2762 940 2828 Christi
968 2778 1073 2828 totam
1100 2763 1165 2827 iam
1193 2762 1404 2874 mili-uppem
1424 2777 1505 2825 atae

171 2944 176 2957 ¹
289 2880 408 2930 tantem
430 2868 605 2950 ecclesiam,
628 2883 705 2933 tunc
727 2882 773 2932 est
795 2867 863 2931 eius
879 2867 1078 2952 particularis
1094 2867 1281 2951 capitaneus
1303 2829 1493 2981 ua'ffiffpffi

168 2966 171 2973 '
290 2971 347 3032 sub
369 2971 556 3056 archicapite
571 2973 705 3037 domino
719 2974 792 3036 Jesu
809 2970 949 3039 Christo.
973 2973 1046 3036 Hoc
1061 2961 1172 3036 autem
1186 2971 1282 3035 debet

289 3076 425 3158 supponi
457 3076 490 3139 in
522 3077 656 3140 domino
687 3077 838 3140 Romano
870 3074 1034 3162 pontifice,
1064 3076 1127 3139 nisi
1158 3075 1281 3140 iactum

169 3254 175 3264 Ι
250 3177 399 3241 25doccat
429 3180 590 3244 evidenter
620 3180 819 3263 oppositum,
851 3202 928 3246 cum
959 3181 1061 3246 clerus
1093 3179 1158 3245 iam
1189 3194 1280 3266 pere·
1314 3190 1317 3195 '

166 3268 175 3369 ξ
287 3281 413 3364 grinans
436 3283 595 3348 consensit
621 3283 653 3346 in
681 3304 756 3347 eum
783 3299 820 3349 ut
842 3287 1055 3371 capitaneum.
1086 3285 1280 3371 verumpta-

289 3405 361 3448 men
384 3407 448 3450 non
471 3400 518 3451 est
541 3388 573 3451 in
596 3402 750 3472 potestate
781 3389 916 3454 alicuius
938 3389 1098 3455 christiani
1122 3390 1279 3456 constitu·

288 3487 387 3574 cione‚
403 3491 560 3572 eleccione
571 3493 619 3555 vel
635 3492 855 3576 acceptacione
870 3508 1009 3559 statuere
1024 3494 1114 3580 quod
1125 3493 1280 3558 dominus

166 3662 177 3707 ᾗ
288 3613 370 3676 papa
384 3593 424 3658 sit
438 3611 534 3681 caput
543 3597 592 3660 vel
604 3600 786 3662 membrum
795 3613 903 3663 sancte
914 3599 1024 3664 matris
1035 3580 1177 3664 ecclesie.
1192 3599 1278 3662 Nam

168 3766 174 3783 ι
246 3694 347 3760 30boc
370 3699 511 3764 consistit
532 3700 565 3764 in
588 3702 858 3786 predestinacione
881 3718 912 3768 et
934 3704 1039 3788 gracia
1054 3702 1112 3767 Dei
1129 3702 1240 3768 nostri.

168 3786 177 3803 ⁴
330 3800 363 3863 ln
385 3802 443 3867 ista
464 3826 539 3869 vero
562 3807 693 3871 materia
715 3821 790 3871 sunt
811 3807 971 3893 quotlibet
1001 3805 1209 3894 subterfugia,
1240 3819 1358 3883 utsm
1371 3837 1503 3899 aenyuae

160 3866 176 3967 ⁴.
259 3916 368 3968 nunus
390 3908 465 3973 dicit
486 3911 575 3995 quod
598 3912 685 3975 nulla
706 3926 807 3976 mater
829 3912 960 3977 ecclesia
982 3927 1089 3997 potest
1111 3930 1194 3996 esse;
1219 3911 1275 3976 sed
1323 3890 1455 4002 ¹¹3⁸:ssss

328 4108 390 4162 aba
404 4119 453 4158 tum
463 4116 545 4160 ambo.
558 4115 576 4160 B
591 4115 615 4160 ln
629 4128 709 4173 merga
721 4115 776 4161 Noa
790 4122 825 4160 est
839 4115 968 4162 imitandus
984 4115 1060 4161 melus
1069 4115 1175 4174 prelatus
1184 4126 1229 4160 nec
1239 4121 1275 4160 est

285 4177 441 4227 obediendum
456 4184 477 4228 ei
491 4184 515 4230 in
530 4185 574 4230 boc
588 4191 651 4242 quod
666 4186 726 4231 male
740 4184 801 4230 lacit.
885 4198 907 4244 7.
922 4183 952 4230 B:
967 4185 1023 4230 ltine
1036 4184 1135 4231 debens.
1211 4183 1275 4232 M

284 4247 308 4291 ln
322 4260 399 4306 marga
413 4250 450 4296 Ps.
464 4267 505 4309 44.
597 4252 629 4298 18.
644 4253 690 4300 ΑΒ
705 4255 729 4300 ia
744 4267 821 4312 merga
840 4253 948 4312 Septima
961 4255 1098 4308 conclusios
1118 4255 1140 4300 Α
1153 4253 1178 4300 la
1193 4265 1273 4311 mma

169 4336 173 4345 .
285 4313 347 4372 Papa
365 4319 384 4363 si
403 4329 437 4367 est
458 4323 630 4378 predestinatus
649 4331 671 4369 et
688 4332 781 4371 exercet
799 4324 918 4381 pastorale
936 4323 1050 4383 olfielum,
1068 4331 1105 4371 est
1125 4330 1198 4383 caput
1210 4331 1275 4370 tante

285 4387 382 4434 ecclesie
396 4399 505 4447 quantum
520 4393 579 4449 repit
593 4394 678 4449 (above
692 4395 738 4440 130⁴
747 4395 846 4440 without
860 4395 928 4440 mark
941 4392 969 4438 ol
981 4393 1120 4450 reference).
1211 4390 1272 4439 M

286 4453 310 4498 in
325 4469 401 4516 mergi
416 4458 505 4506 Contra
520 4462 573 4507 illos
587 4463 627 4518 qni
641 4471 726 4518 nepam
741 4464 865 4510 ecclesiam
879 4477 942 4510 esre.

1170 4535 1205 4588 ,e
