3262 5226
122 488 248 582 ctas]
495 499 737 557 naacctasra

87 670 188 744 oster·
212 667 445 732 restituerem
473 661 541 737 tali,
573 678 636 722 aron
668 667 733 721 lam
761 656 929 723 intendens
945 656 1106 742 fructum

120 772 272 858 pecunie,
293 789 388 853 guam
406 777 441 830 ut
459 766 618 829 lromr’nem
638 762 785 847 corrigat
798 764 854 827 cur·
874 762 1007 827 indubie
1022 781 1107 845 per·

126 878 280 943 niciosum
304 884 352 937 est
365 871 519 945 delinere,
542 888 613 932 cum
637 867 754 930 lrabeat
777 866 862 929 unde
881 865 1018 944 redden
1037 887 1107 931 noir

124 982 229 1047 solnm
261 997 325 1042 non
355 976 503 1060 peccabit
533 973 590 1037 sed
609 971 762 1057 proderit
786 971 968 1055 pluritatem
1000 972 1106 1036 eciam

101 1084 279 1165 sdelrrorr}
302 1083 399 1145 aliter
420 1082 504 1144 enim
527 1079 602 1142 dum
618 1077 762 1140 alienam
778 1078 956 1162 pecuniam
977 1077 1106 1140 lucrum

127 1188 331 1274 rultsncere,
344 1182 612 1267 dampnumfidei
619 1182 783 1266 pacietur.
799 1181 884 1246 Cum
899 1202 975 1267 ergo
995 1200 1108 1245 seusus

126 1306 290 1378 pretensus
319 1288 413 1352 huius
435 1286 588 1373 privilegii
616 1285 753 1351 excludit
779 1285 861 1349 franc
887 1285 1108 1368 elemosinam,

127 1417 202 1460 cum
215 1392 351 1478 protegit
367 1390 576 1456 indifferenter
590 1404 754 1475 potentem
769 1404 801 1455 et
823 1391 986 1455 nolentem
1005 1388 1108 1454 aliena

127 1500 255 1563 reddere
277 1517 375 1582 quam
391 1496 491 1559 eciam
505 1495 716 1580 inpotentem,
730 1493 937 1559 menifestum
957 1508 1005 1560 est
1018 1495 1108 1580 quod

87 1643 118 1681 ,ο
128 1603 219 1690 ponit
239 1601 440 1667 obstaculum
461 1600 576 1684 regulis
597 1599 742 1665 caritatis

96 1733 119 1787 2
172 1710 229 1772 Per
249 1706 308 1770 hec
329 1719 416 1790 patet
432 1705 595 1789 responsio
618 1706 657 1768 ad
679 1705 865 1785 secundum,
887 1725 963 1770 cum
985 1703 1109 1767 dictum
1130 1713 1226 1814 llonpp
1247 1718 1337 1814 'uttan³

129 1810 243 1876 Christi
259 1810 441 1895 intelligitur
456 1812 495 1873 de
516 1811 623 1873 debito
643 1810 735 1893 culpe
757 1809 848 1873 cuius
868 1806 1109 1873 satisfactorium
1117 1779 1339 1919 ῗτεῗιὲἒβῗῗυ

129 1915 326 1980 solucionem
349 1915 455 1978 omnis
475 1915 661 1979 christianus
685 1928 808 1978 tenetur
828 1913 990 1978 humiliter
1011 1911 1108 1977 iudici
1233 1886 1292 1934 Μ’

130 2040 280 2104 supremo
302 2017 469 2083 remittere.
493 2018 526 2083 Si
549 2018 632 2082 enim
649 2019 874 2103 intelligeretur
893 2019 934 2082 de
951 2016 1108 2102 corporali

92 2122 246 2204 ¹5debito,
278 2136 354 2187 tunc
386 2144 498 2187 omnes
531 2123 667 2208 religiosi
698 2122 921 2208 possessionati
948 2136 980 2186 et
1005 2121 1109 2186 clerici

131 2243 309 2293 tenerentur
330 2249 366 2291 ex
381 2227 544 2312 privilegio
558 2227 674 2291 Christi
691 2221 756 2313 quo
776 2228 913 2312 amplius
928 2225 1112 2311 obligantur

130 2335 197 2398 eius
219 2332 357 2397 consiliis
385 2346 416 2396 et
441 2332 606 2417 preceptis,
633 2333 790 2397 remittere
821 2348 853 2398 et
880 2353 947 2397 non
970 2344 1110 2417 repetere

130 2457 225 2501 omne
246 2437 291 2500 eis
317 2436 458 2501 debitum
486 2436 663 2519 corporale;
694 2450 854 2501 ettamen
881 2437 998 2501 dicitur
1019 2437 1109 2521 quod

131 2543 197 2605 sine
219 2541 430 2606 misericordia
457 2541 584 2624 exigunt
611 2542 712 2606 eciam
737 2542 776 2606 ab
803 2542 1021 2627 inpotentibus
1046 2541 1110 2606 tale

90 2685 122 2722 ,ο
132 2647 272 2711 debitum
295 2667 350 2730 per
374 2644 555 2709 exacciones
570 2645 723 2710 seculares
744 2662 775 2712 et
797 2647 1020 2712 ecclesiasticas
1034 2666 1109 2711 cen·

130 2772 218 2816 suras
239 2750 401 2814 ardencius
424 2771 522 2834 quam
544 2749 665 2814 domini
688 2744 850 2816 seculares
872 2753 948 2816 Non
970 2771 1047 2835 ergo
1062 2765 1112 2816 est

133 2857 176 2918 eis
198 2854 395 2939 privilegium
424 2854 528 2919 fovere
555 2855 661 2919 hostes
689 2856 828 2939 ecclesie,
859 2877 900 2921 ne
931 2857 990 2920 sibi
1017 2855 1109 2919 satis·

133 2960 256 3040 faciant,
279 2979 352 3023 cum
368 2976 474 3023 tamen
490 2959 656 3043 sufficiant,
680 2960 754 3045 quia
770 2959 820 3049 (ut
835 2961 911 3025 alias
926 2959 1005 3052 dixi)
1022 2963 1110 3026 Deus

133 3085 197 3129 non
220 3078 323 3148 potest
337 3064 501 3128 licentiore
517 3065 692 3146 hominem,
715 3079 751 3129 ut
766 3081 869 3130 servet
884 3067 1028 3131 debitum
1043 3067 1110 3131 sine

90 3169 193 3239 25hoc
214 3169 301 3252 quod
323 3166 490 3232 satisfaciat
512 3168 622 3232 saltem
645 3171 724 3252 Deo,
755 3171 830 3256 quia
860 3171 918 3234 nisi
942 3170 1112 3236 satisfaciat

132 3272 330 3336 restitucione
352 3272 401 3334 vel
424 3273 583 3336 meritoria
602 3274 784 3358 punicione,
807 3290 854 3340 est
875 3276 1111 3361 dampnandus.

133 3376 218 3440 Deus
239 3390 345 3440 autem
368 3397 433 3440 non
461 3391 566 3461 potest
591 3378 755 3442 licenciare
781 3380 947 3444 hominem
975 3381 1015 3444 ad
1037 3400 1111 3465 pec·

133 3483 285 3563 candum;
315 3480 376 3544 hoc
408 3497 517 3546 autem
551 3481 630 3547 foret
666 3483 867 3568 privilegium
899 3486 952 3549 tali
982 3484 1112 3549 ecclesie

87 3605 124 3656 58*
133 3587 220 3668 quod
242 3584 367 3650 haberet
394 3607 413 3649 a
443 3587 510 3651 suis
536 3584 711 3672 patronis*
726 3587 880 3654 seculares
911 3589 1041 3654 divicias
1071 3591 1113 3653 ad

90 3710 123 3760 30
134 3689 375 3753 ministrandum
412 3690 549 3775 fugitivis
584 3693 813 3778 impotentibus
850 3715 883 3758 se
927 3695 1042 3778 iuvare,
1081 3710 1113 3760 et

135 3793 304 3877 (quantum
325 3793 455 3859 facultas
477 3795 630 3885 suppetit)
654 3819 713 3882 pro
735 3799 811 3882 ipsis
832 3800 1005 3882 restituere,
1036 3799 1113 3883 quia

133 3898 195 3960 hoc
217 3913 340 3962 sonaret
355 3900 514 3984 utrimque
531 3901 561 3964 in
578 3923 660 3986 opus
677 3902 898 3986 misericordie,
922 3925 987 3968 non
1004 3918 1113 3969 autem

134 4000 274 4066 defensio
319 4003 534 4092 cuiuscunque
578 4005 702 4090 fugitivi
746 4008 981 4092 quantumlibet
1019 4030 1112 4076 exco-

173 4309 191 4342 ι.
208 4299 242 4343 Ar
256 4297 362 4342 intendes
375 4299 420 4354 Δρ
434 4297 584 4345 larendendo.
688 4300 708 4346 5.
720 4303 750 4347 Α.
759 4303 805 4360 Aa
819 4303 885 4349 aliter
899 4303 962 4349 enirn
973 4326 998 4336 -
1008 4301 1114 4360 pacietur

135 4366 206 4412 deest.
310 4378 340 4410 ar.
353 4367 376 4412 Α
390 4366 414 4413 ln
429 4378 516 4425 marga
537 4365 673 4414 Concluslo.
778 4383 813 4429 ²7·
827 4370 919 4418 cotta
941 4375 1004 4418 fleus
1019 4380 1112 4427 autent

135 4436 232 4482 rectiusr
246 4436 310 4482 Dens
323 4435 395 4483 enlm.
