3262 5226
400 522 535 619 mnu]
783 535 829 596 oa·
847 535 1049 596 meua·

287 720 391 792 1¹4⁶*
400 703 519 770 mansit
540 694 758 787 in'pri'ocipio,
772 697 877 762 adhuc
892 710 1015 781 manet3
1036 712 1067 763 et
1082 711 1130 763 est
1145 699 1256 764 eadem
1270 690 1388 763 domus

402 807 581 874 successiva
602 826 667 892 que
689 803 750 867 luit
771 824 790 866 a
811 802 971 889 principio
993 803 1146 889 usquein
1168 803 1283 889 finem;
1305 801 1387 868 sicut

400 913 510 999 posito
531 911 621 998 quod
643 906 726 993 ignis
749 905 878 991 incipiat
903 906 1087 993 partibiliter
1101 908 1241 994 generari
1259 921 1291 974 et
1310 899 1388 974 cum

401 1017 464 1082 hoc
474 1013 645 1099 corrumpi,
655 1026 733 1077 tunc
741 1004 823 1096 ignis
834 1011 1031 1078 successivus
1039 1027 1202 1079 mensurat
1210 1002 1389 1079 secuudum

377 1135 506 1207 spartes
533 1133 706 1204 utrumque
737 1129 876 1200 motum,
906 1130 937 1182 et
966 1116 1011 1183 sic
1042 1110 1255 1204 corrumpitur
1284 1116 1388 1183 inani·

401 1239 527 1289 matum
547 1224 589 1288 ad
615 1221 860 1307 corrupcionem
892 1222 995 1286 tocius
1026 1237 1057 1288 et
1086 1237 1195 1289 manet
1225 1224 1388 1307 continue,

400 1330 481 1394 dum
496 1327 721 1412 corrumpitur.
744 1327 785 1390 Et
806 1325 832 1390 si
847 1318 1008 1412 queratur,
1023 1316 1155 1414 quando
1178 1329 1389 1394 consecrande

402 1432 506 1498 forent
528 1431 668 1514 ecclesie,
691 1420 804 1496 dicitur
831 1420 921 1517 quod
943 1431 997 1498 ille
1023 1446 1071 1497 est
1098 1421 1177 1499 ritui
1203 1432 1390 1499 humanitus

401 1538 614 1621 introductus,
641 1536 716 1601 ideo
747 1556 812 1600 non
844 1550 894 1601 est
924 1535 971 1600 vis
1002 1537 1042 1602 de
1071 1537 1126 1602 tali
1149 1537 1412 1627 consecracione-

361 1675 392 1713 ιο
401 1643 567 1708 assistente
589 1641 754 1706 sanctitate
779 1661 916 1727 persone
943 1640 1121 1707 incolentis.
1154 1643 1251 1709 istam
1280 1657 1391 1709 nutem

401 1747 569 1813 materiam
590 1746 739 1832 relinquo
760 1745 838 1811 aliis.
1150 1735 1155 1744 ’
1384 1838 1388 1845 Ι

285 1949 290 1958 ¹
444 1871 508 1952 Sed
525 1869 640 1956 quinto
654 1869 805 1955 arguitur,
815 1868 983 1954 probando
998 1867 1087 1955 sequi
1104 1889 1141 1954 ex
1153 1869 1245 1936 dictis
1258 1891 1390 1936 omnem
1400 1870 1589 1972 wssfflffi

331 1986 336 1994 ’
401 1976 559 2040 honorem
583 1988 614 2040 et
645 1973 866 2038 obedienciam
896 1973 1134 2058 inpendendam
1161 1976 1283 2060 prelato
1313 1995 1388 2040 con·
1398 1975 1589 2088 'markom

401 2080 494 2145 fundi
517 2094 549 2145 et
575 2099 710 2143 omnem
736 2078 940 2144 exactionem
971 2079 1145 2164 corporalis
1175 2079 1283 2161 debiti,
1315 2099 1390 2144 cum
1412 2091 1440 2126 or
1453 2093 1514 2126 Μ
1529 2082 1589 2128 ⁴¹⁶&

334 2183 549 2265 146·deliceret
570 2183 724 2269 probacio
738 2179 758 2220 '
772 2182 1053 2269 predestinacionis
1075 2184 1126 2247 vel
1148 2182 1331 2266 muctitatis,
1358 2197 1392 2248 et

399 2288 481 2353 illud
517 2289 696 2352 secundum
732 2289 894 2353 racionem
930 2287 1013 2353 ioret
1042 2287 1289 2376 fundamentum
1318 2287 1392 2354 tolia

399 2392 601 2461 vendicandi.

443 2514 507 2579 Hic
522 2530 655 2600 negatur
665 2468 878 2600 assumptum,
891 2514 1027 2602 quin(ut
1035 2472 1122 2601 patet
1136 2470 1224 2602 alibi)
1240 2470 1390 2600 operibus
1399 2490 1589 2602 „ffssffi

402 2620 496 2684 debet
517 2620 613 2703 credi,
636 2641 694 2685 nec
716 2621 789 2686 licet
810 2622 932 2707 prelato
954 2621 1093 2707 aspirare
1121 2622 1163 2686 ad
1188 2621 1315 2686 lucrum
1341 2619 1392 2682 sel
1425 2607 1585 2757 mih?

359 2755 392 2791 ιο
402 2723 543 2788 honores
565 2724 627 2788 illis
641 2724 789 2807 dimissis,
811 2727 888 2811 quia
910 2741 947 2790 ut
961 2725 1006 2790 sic
1021 2727 1164 2791 redderet
1174 2746 1208 2790 se
1222 2725 1392 2810 indignum
1411 2709 1553 2810 'h‘ffiffl
1566 2713 1589 2758 ‘¹

401 2829 463 2892 illis
484 2828 579 2893 lucris
602 2842 698 2915 atque
713 2828 899 2895 honoribus.
922 2831 1018 2896 Unde
1031 2851 1196 2895 oraremus
1210 2851 1334 2912 omnes,
1355 2843 1393 2896 ut

401 2933 531 2998 ecclesio
552 2933 635 2998 sicut
656 2933 689 2997 in
705 2933 771 2998 suis
785 2934 954 3019 primitivis
975 2935 1116 3000 attendet
1131 2955 1210 3020 pure
1228 2932 1394 2999 fructuoso
1466 2994 1469 2999 .

401 3037 490 3122 operi
518 3037 586 3102 sine
608 3037 788 3103 ambicione
804 3038 989 3125 temporalis
1004 3038 1170 3104 commodi
1185 3037 1236 3103 vel
1250 3037 1392 3103 honoris.

400 3143 502 3206 Modo
524 3163 601 3206 vero
623 3143 664 3207 ad
696 3156 821 3207 tantum
849 3143 1061 3208 invalescebat
1087 3143 1277 3228 oppositum
1303 3143 1394 3229 quod

359 3259 390 3311 25
400 3247 440 3309 de
457 3246 541 3310 clero
551 3261 663 3310 nostro
674 3261 780 3332 potest
789 3247 850 3312 dici
866 3248 946 3312 illud
961 3247 1055 3312 Ysaie
1071 3248 1139 3330 111⁰,
1160 3262 1215 3313 ηε
1231 3249 1392 3333 Populum
1439 3246 1578 3348 “be

402 3370 509 3415 meum
532 3363 707 3417 exactores
727 3354 780 3417 sui
800 3353 1026 3437 spoliaverunt
1046 3361 1077 3416 er
1100 3352 1256 3418 mulieres
1289 3352 1399 3445 domi·-

403 3465 479 3520 rmte
500 3466 577 3520 sunt
599 3457 680 3521 eius.
705 3457 746 3520 Et
760 3457 918 3543 sequitur:
940 3457 1065 3542 PopuIe
1087 3476 1180 3523 meus
1194 3456 1399 3541 qui-beatum

408 3569 439 3623 re
455 3559 579 3636 dicunt,
596 3563 661 3644 ipsi
673 3572 705 3625 te
717 3561 890 3646 decipiunt.
913 3561 1062 3646 Numqui
1072 3561 1153 3626 olim
1162 3574 1249 3626 erunt
1258 3575 1394 3626 rectores

403 3663 520 3745 anime,
542 3663 609 3727 iam
636 3665 773 3749 perversi
795 3679 871 3730 sunt
900 3665 935 3729 in
966 3679 1126 3730 exactores
1158 3668 1307 3751 pecunie;
1337 3664 1396 3751 qui

360 3780 394 3833 30
404 3768 484 3831 olim
507 3768 652 3833 zelabant
673 3791 734 3853 pro
765 3770 889 3835 honore
908 3769 1026 3837 ,divino
1056 3782 1244 3855 contempto
1271 3769 1396 3834 honore

404 3872 583 3955 mundano,
605 3874 706 3937 modo
742 3889 871 3940 econtra
892 3875 962 3958 lege
984 3874 1043 3939 Dei
1070 3889 1102 3940 et
1121 3895 1179 3961 per
1195 3892 1396 3959 consequens

405 3975 528 4040 honore
561 3975 628 4040 eius
659 3977 863 4063 postposito,
903 3979 1171 4064 preponderantes
1204 3977 1395 4044 tradiciones

444 4198 469 4243 ⁶.
482 4198 517 4242 As
532 4196 562 4243 rd
576 4198 793 4257 eorrumpelonem.
899 4197 922 4246 ⁶.
936 4199 961 4245 Α
973 4198 998 4246 ln
1013 4209 1103 4255 marr-r
1115 4195 1187 4246 uota
1293 4209 1324 4246 ts.
1333 4199 1356 4243 Α
1370 4190 1398 4245 Ιι’

404 4279 493 4326 marps
508 4265 598 4325 Quinte
611 4267 719 4314 oblecclo
823 4266 856 4315 18.
870 4270 893 4314 Α
906 4268 931 4314 ln
945 4280 1034 4328 marus
1048 4266 1192 4325 Responsio.
1282 4278 1319 4314 ao.
1332 4270 1356 4313 Α
1369 4267 1396 4313 la

403 4349 490 4396 marus
503 4335 567 4383 Note
581 4348 731 4394 processura.
851 4348 885 4385 ει.
900 4337 932 4384 us
953 4338 1057 4386 strendtt
1084 4339 1161 4385 deest.
1285 4335 1318 4384 25.
1331 4337 1356 4383 Α
1368 4336 1394 4383 la

404 4417 494 4464 marm
520 4405 553 4453 1⁸.
581 4407 634 4455 ills.
745 4409 818 4468 nod
836 4411 884 4467 ³2¹
898 4415 954 4456 sont
972 4408 1047 4456 deest.
1160 4409 1191 4457 31.
1203 4409 1227 4455 Δ
1250 4404 1277 4454 la
1304 4417 1396 4466 marm

406 4475 518 4523 Avedda
545 4476 613 4525 cleri.
697 4473 699 4477 ’
