3262 5226
479 505 648 561 ιοιιιιιιιιι
665 505 810 577 wreus.
831 576 835 583 ι
957 484 1038 578 [ιιι.
1052 500 1135 547 xxm.

158 660 286 727 vantem
314 678 444 750 propter
470 662 673 739 solitudinem
700 683 758 729 sue
780 656 1059 748 supereminencie,
1091 662 1135 732 sic
1146 685 1208 748 ²⁰4⁸
1224 680 1250 734 r.
1363 647 1374 674 ’ὑ

157 779 298 831 creature
325 788 392 832 non
419 780 525 853 potest
550 787 633 851 opus
660 767 875 852 quodcunque
900 765 1048 850 perficere
1075 767 1135 830 nisi

158 890 232 934 cum
255 870 417 936 iuvamine
438 871 563 936 alterius
592 884 699 935 nature
726 885 856 957 propter
880 891 937 954 per
959 893 993 936 se
1014 870 1134 935 subiec-

119 992 124 1003 ·
157 975 283 1039 cionem
306 975 464 1041 servitutis
486 989 517 1041 et
542 975 745 1040 assencialem
767 974 1055 1094 dependenciam'a
1077 997 1136 1039 suo

157 1078 325 1164 principio.
358 1081 400 1145 Et
420 1100 478 1165 per
498 1079 555 1144 hec
576 1091 662 1163 patet
683 1079 857 1164 responsio.
1149 1097 1163 1149 5

113 1208 148 1254 tra
181 1185 253 1248 Ad
277 1184 409 1248 tercium
425 1183 538 1249 dicitur
560 1182 703 1268 negando
725 1183 893 1266 minorem,
915 1204 990 1249 nam
1012 1199 1173 1270 oportet?

113 1261 299 1410 J'Deum
289 1309 322 1352 ιιι
350 1287 439 1353 omni
466 1285 680 1352 satisfaccione
706 1301 845 1353 creature
872 1309 928 1352 sue
955 1309 1139 1356 concurrere

113 1428 140 1463 u
113 1376 190 1456 et
211 1408 259 1456 est
286 1392 319 1475 in
345 1393 472 1457 racione
502 1391 597 1456 debiti
622 1391 762 1458 hominis
788 1394 828 1458 ad
856 1393 1021 1458 hominem
1047 1415 1083 1458 ac
1105 1394 1137 1459 in

113 1468 140 1524 δ’
157 1497 284 1561 racione
305 1468 402 1561 debiti
429 1495 568 1561 hominis
594 1499 634 1561 ad
655 1499 761 1561 Deum
787 1498 930 1585 neganda
951 1497 1137 1563 differencia.

158 1603 269 1668 Homo
296 1601 382 1667 enim
412 1614 517 1687 potest
543 1600 676 1665 omnino
702 1602 782 1666 solvi
808 1602 1003 1687 acorporali
1031 1603 1138 1667 debito
1152 1633 1182 1670 ιο

157 1706 205 1770 sui
233 1707 274 1769 ad
306 1706 482 1789 hominem,
513 1704 586 1792 quia
617 1726 684 1770 non
710 1720 758 1770 est
789 1706 1004 1771 essentialiter¹
1017 1706 1140 1773 debitor

158 1808 205 1876 sui
235 1831 293 1897 pro
325 1811 414 1875 omni
442 1812 528 1876 bono
554 1811 642 1897 quod
673 1811 824 1895 possidet,
855 1811 928 1898 quia
957 1825 1033 1876 tunc
1059 1813 1139 1877 alius

160 1913 240 1980 loret
268 1916 354 2004 Deus
381 1935 468 1997 suus,
498 1916 553 1979 sed
581 1935 675 1980 nemo
706 1929 813 2001 potest
843 1916 977 1981 omnino
1004 1917 1097 1982 eximi
1120 1940 1139 1983 a

159 2019 266 2085 debito
289 2019 348 2084 Dei
370 2020 430 2102 sui,
453 2019 527 2104 quia
547 2034 624 2085 tunc
646 2038 718 2085 non·
736 2034 893 2087 teneretur
906 2022 976 2085 Deo
998 2043 1056 2107 pro
1072 2043 1139 2086 esse

159 2144 231 2207 suo,
254 2125 310 2188 sed
326 2122 407 2190 loret
421 2126 507 2189 Deus
522 2125 704 2210 simpliciter
725 2147 783 2211 par
804 2147 878 2191 cum
900 2126 966 2192 illo.
992 2127 1065 2192 ldeo
1079 2128 1138 2192 ista
1153 2143 1182 2196 ι5

160 2242 207 2293 ιιι
229 2228 375 2294 condicio
397 2229 602 2316 obligacionis
622 2229 762 2294 hominis
784 2232 825 2294 ad
847 2232 962 2313 Deum,
990 2232 1077 2317 quod
1101 2233 1141 2296 de

113 2348 282 2443 mquanto
305 2334 466 2420 copiosius
489 2347 521 2399 et
534 2335 727 2420 completius
749 2334 843 2400 solvit
865 2335 922 2399 sibi
943 2331 1085 2402 debitum
1101 2339 1140 2401 de

159 2451 249 2503 tanto
277 2452 324 2504 est
351 2439 523 2524 obligatior
547 2441 653 2524 quoad
682 2459 767 2523 eum,
798 2439 872 2526 quia
895 2440 934 2503 de
956 2453 1045 2506 tanto
1068 2441 1141 2526 plus

160 2542 236 2608 boni
259 2544 299 2608 ab
321 2563 360 2609 eo
383 2543 502 2629 recipit
534 2545 575 2609 Et
599 2543 658 2608 hec
682 2545 767 2609 racio
790 2565 887 2630 quare
912 2545 1013 2610 homo
1035 2560 1142 2631 potest

159 2648 298 2734 recipere
320 2647 569 2714 satisfaccionem
584 2648 732 2714 debitoris
754 2649 802 2714 sui
824 2649 857 2713 in
879 2649 942 2714 vite
967 2650 1016 2714 vel
1038 2665 1141 2715 morte
1152 2681 1185 2719 so

159 2751 228 2818 eius
255 2773 312 2837 per
338 2767 574 2838 procuratorem
600 2753 670 2837 ipso
697 2774 764 2818 non
788 2767 978 2838 cooperante
1006 2754 1140 2819 adhoc.

160 2856 246 2921 Deus
269 2871 377 2922 autem
399 2878 464 2922 non
486 2873 590 2943 potest
611 2858 747 2944 recipere
767 2879 786 2922 a
808 2879 898 2923 servo
921 2879 981 2924 suo
1002 2858 1141 2924 satisfac·

161 2962 288 3027 cionem
310 2982 371 3047 pro
393 2963 499 3028 debito
521 2963 579 3027 nisi
601 2963 669 3048 ipse
691 2963 723 3027 in
746 2983 880 3048 persona
903 2963 1028 3048 propria
1051 2965 1141 3028 satis·

162 3067 252 3131 iaciat
275 3067 401 3131 adiutus
421 3088 478 3152 per
492 3069 605 3149 Deum,
629 3083 659 3132 et
674 3068 735 3132 hoc
751 3081 881 3132 testatur
896 3067 1141 3132 immensitatem

161 3172 310 3236 libertatis
343 3171 400 3235 Dei
432 3187 462 3236 et
499 3173 715 3237 excellenciam
747 3172 794 3237 sui
831 3171 975 3253 dominil,
1008 3186 1042 3237 ut
1076 3189 1184 3241 nonas

161 3290 299 3361 oportet,
322 3276 347 3339 si
370 3276 470 3340 homo
493 3291 596 3361 potest
618 3276 712 3340 libere
735 3298 771 3341 ac
795 3275 952 3339 meritorie
974 3297 1086 3341 exuere
1109 3298 1143 3341 se

161 3402 180 3444 a
203 3380 348 3444 dominio
372 3381 448 3444 servi
473 3381 520 3444 sui
537 3380 720 3445 subiciendo
744 3402 778 3445 se
800 3401 856 3444 sue
878 3380 1030 3462 servituti,
1053 3383 1142 3466 quod

161 3485 260 3549 deitas
283 3485 327 3547 sic
342 3498 446 3568 potest
462 3487 567 3570 quoad
581 3506 704 3551 servum
729 3485 927 3569 simpliciter;
950 3485 1048 3549 homo
1068 3500 1143 3570 pot·

163 3602 209 3652 est
231 3589 407 3674 relinquere
422 3590 542 3654 domini
564 3591 731 3674 superioris
748 3591 919 3655 vindictam
942 3591 1060 3656 offense
1077 3612 1143 3655 non

162 3694 352 3758 vindicando
374 3694 405 3757 in
429 3715 562 3777 persona
584 3696 720 3779 propria,
755 3716 829 3781 ergo
849 3697 934 3759 Deus
957 3696 1000 3758 sic
1022 3704 1189 3780 potest330

163 3798 262 3862 homo
294 3812 398 3882 potest
431 3799 586 3864 dimittere
618 3800 744 3883 culpam
775 3820 841 3863 non
873 3800 1050 3884 expetendo
1084 3801 1143 3864 sibi

164 3904 333 3966 emendam
360 3902 607 3983 satisfactoriam,
634 3925 708 3987 ergo
734 3905 818 3968 Deus
842 3902 886 3966 sic
909 3917 1024 3988 potest,
1047 3918 1077 3968 et
1100 3904 1144 3968 sic

164 4009 202 4070 de
225 4005 355 4070 infinitis
377 4009 528 4092 exemplis
543 4009 759 4073 attestantibus
775 4006 988 4072 infirmitatem
1011 4009 1143 4073 humani

203 4367 224 4415 3.
239 4369 270 4414 Βι
284 4368 380 4415 alterius
395 4380 445 4415 nec.
549 4368 570 4414 8.
591 4370 641 4416 Βιι
656 4381 745 4428 marga
765 4367 879 4415 Reclones
892 4369 1026 4416 debitorum
1040 4369 1146 4416 lromlnls

165 4440 195 4484 sd
208 4439 330 4485 bominem
343 4446 366 4484 et
383 4439 486 4485 bomlnls
499 4440 528 4485 sd
544 4438 619 4486 Deum
634 4439 750 4485 differunt.
