3262 5226
181 499 249 547 car.
265 483 330 576 xa]
557 505 602 556 ns
621 504 796 557 soctssm

65 679 91 732 1·
109 683 169 748 ¹77·
178 660 376 746 privilegium
409 682 447 724 eo
476 662 565 746 quod
596 661 712 726 habent
744 660 841 726 talem
877 659 1075 746 prepositum
1105 657 1155 723 cui

179 767 222 829 sic
244 765 404 829 meritorie
426 779 561 850 possunt
584 765 686 831 subdi.

138 886 169 940 ι
223 870 267 933 11Ιί
291 891 366 954 ergo
388 869 443 954 qui
466 870 575 934 dicunt
598 871 684 955 quod
708 891 760 934 rex
783 869 877 934 habet
899 882 1087 955 potestatem
1110 866 1156 930 in·
1183 878 1235 926 tue
1249 880 1306 926 rute
1325 881 1348 927 ts
1362 894 1379 928 a

180 973 493 1060 comprehensibilem
509 974 691 1059 castigando
707 975 816 1038 leones
831 990 862 1039 et
877 974 1020 1039 iaciendo
1043 992 1155 1056 corpo·
1174 933 1384 1041 idiise‘ffi‘a'd

155 1080 257 1146 §mles
272 1079 454 1142 sanaciones
473 1099 546 1142 cum
562 1079 629 1141 aliis
643 1100 706 1164 que
717 1094 832 1144 vocant
846 1079 1005 1160 miracula,
1021 1079 1157 1142 laxarent
1166 1039 1392 1148 daffdi‘ioffe'ss'

180 1183 364 1268 porcionem
386 1204 442 1247 sue
464 1183 610 1267 potencie
633 1186 671 1247 ad
693 1186 901 1271 regulandum
915 1204 1049 1268 regnum
1065 1201 1157 1245 suum

180 1289 211 1353 in
233 1289 328 1369 clero,
350 1309 423 1352 cum
446 1286 507 1351 hoc
530 1301 561 1353 et
584 1288 651 1352 eius
673 1303 761 1354 actus
785 1288 865 1354 loret
891 1287 1097 1353 excellencius
1128 1298 1159 1349 et

180 1394 251 1478 plus
275 1392 434 1457 landabile
457 1412 493 1455 ex
517 1392 679 1478 scriptura.
712 1397 827 1458 Nonne
851 1393 931 1458 soret
953 1390 1159 1457 excellencius

180 1497 328 1581 castigare
345 1495 518 1578 freneticos,
535 1513 713 1580 peccatores
734 1512 773 1562 et*
785 1497 923 1562 discolos
944 1497 1027 1562 scole
1043 1495 1158 1562 Christi

141 1623 275 1689 roquam
299 1603 427 1667 domare
452 1603 528 1666 leras
551 1623 613 1686 que
638 1624 703 1666 non
726 1616 849 1667 tantum
875 1617 991 1667 nocent
1015 1597 1159 1667 ecclesie?

181 1710 294 1772 Nonne
338 1708 450 1772 itemm
491 1707 571 1772 soret
604 1729 686 1793 opus
726 1708 854 1771 maioris
884 1707 1007 1772 virtutis
1032 1705 1160 1791 gignere

181 1811 310 1876 virtutes
332 1812 364 1875 in
388 1827 493 1877 mente
510 1812 730 1897 disciplinabili
754 1811 921 1876 occasione
945 1810 1160 1896 castigacionis

180 1917 321 1999 salubris,
345 1938 407 2001 qua
429 1918 531 1980 ablata
554 1917 594 1979 ab
617 1917 746 1982 ecclesia
773 1917 903 1981 virtutes
934 1916 974 1980 ab
1004 1915 1160 1980 indomito

181 2021 417 2103 subtrahuntur,
457 2042 555 2107 quam
597 2023 744 2087 inducere
777 2020 948 2085 virtualiter
977 2041 1160 2105 corpoream

141 2121 366 2190 assanitatem?
389 2126 565 2212 Utrobique
589 2148 728 2213 namque
751 2141 798 2192 est
821 2148 873 2190 rex
896 2125 1019 2190 nudum
1044 2125 1159 2190 instru-

181 2244 326 2294 mentum
354 2230 410 2294 nei
442 2231 497 2317 qui
528 2235 607 2295 dans
641 2233 705 2316 regi
734 2232 884 2297 virtutem
913 2231 1161 2295 subautenticam

180 2334 393 2421 principaliter
413 2350 571 2420 operatur.
596 2338 635 2402 Et
657 2338 701 2401 sic
721 2336 772 2422 (ut
787 2358 861 2420 sepe
877 2332 953 2422 dixi)
976 2356 1028 2399 rex
1045 2335 1162 2399 nedum

183 2439 294 2504 laceret
325 2461 407 2525 opus
429 2441 557 2505 maioris
588 2441 710 2505 virtutis
740 2440 773 2502 in
804 2440 987 2523 castigando
1018 2440 1161 2506 subditos

182 2566 278 2630 quam
297 2544 438 2610 iaciendo
462 2565 669 2633 quoscunque
696 2557 785 2607 actus
808 2536 1162 2632 mirabilescorporales,

140 2675 174 2713 20
184 2650 237 2714 sed
268 2650 368 2715 eciam
399 2671 494 2736 quam
529 2647 760 2714 accumulando
793 2649 948 2733 quotlibet
979 2651 1164 2737 temporalia

182 2754 254 2819 cleri
277 2755 404 2831 Christi,
428 2776 500 2819 nam
526 2753 601 2817 tales
623 2751 752 2816 virtutes
775 2751 908 2818 faciendi
924 2756 1071 2820 sanitates
1091 2777 1160 2823 cor·

182 2880 292 2946 poreas
315 2874 449 2945 possunt
470 2858 572 2922 inesse
596 2856 712 2937 bestiis,
735 2871 814 2922 terre
838 2860 1037 2925 nascentibus
1067 2876 1161 2947 atque

183 2965 340 3050 lapidibus
361 2965 415 3029 sed
439 2984 504 3027 non
527 2961 625 3026 virtus
649 2963 857 3026 correctionis
880 2964 1020 3030 salubris.

147 3078 175 3131 N
227 3071 267 3134 Et
292 3069 407 3135 iterum
428 3065 565 3131 adieccio
596 3067 821 3151 temporalium
852 3069 1063 3135 communiter
1094 3085 1221 3138 nontse
1247 3083 1388 3132 anetum

140 3181 171 3234 25
183 3191 229 3240 est
255 3174 298 3239 ita
324 3173 503 3259 propinqua
534 3169 646 3235 ultime
674 3172 850 3237 necessitati
878 3173 1062 3240 salvacionis
1088 3197 1159 3260 pre·
1177 3138 1336 3236 iisiaiiisa
1357 3211 1371 3224 ·

183 3279 277 3345 sentis
309 3297 469 3362 corporee,
492 3276 574 3341 sicut
596 3276 771 3340 subtraccio
794 3277 882 3341 abusi
907 3293 954 3343 est
979 3278 1160 3366 propinqua
1199 3241 1328 3351 P‘i‘edieig

184 3383 294 3448 ultime
326 3382 500 3447 necessitati
532 3380 718 3446 salvationis
728 3381 901 3466 'perpetue
923 3397 989 3447 tam
1020 3386 1161 3470 corporis

183 3509 280 3574 quam
295 3487 409 3552 anime.
426 3486 513 3552 Sicut
528 3485 614 3549 enim
631 3499 677 3551 est
700 3507 783 3570 opus
807 3485 934 3550 maioris
949 3487 1161 3556 misericordie

183 3590 303 3657 auferre
326 3591 467 3677 gladium
489 3612 508 3654 a
531 3589 680 3655 frenetico
697 3590 823 3654 volente
844 3611 877 3655 se
898 3590 1004 3675 ipsum
1019 3593 1160 3661 occidere

142 3702 174 3755 30
183 3716 278 3782 quarn
308 3696 383 3759 dare
408 3695 552 3779 gladium
579 3707 744 3780 persecuto
767 3696 808 3758 ad
831 3694 1064 3762 defendendum
1088 3719 1161 3764 sea

183 3800 309 3864 volente
347 3819 421 3864 eum
458 3798 612 3880 occidere,
648 3799 724 3885 quia
760 3798 852 3884 peius
884 3798 964 3865 loret
997 3801 1162 3868 hominem
1200 3861 1204 3869 .

184 3903 284 3968 occidi
300 3902 344 3968 sic
359 3924 378 3967 a
392 3924 425 3969 se
440 3902 510 3989 ipso
526 3924 623 3990 quam
639 3902 740 3967 occidi
764 3903 804 3967 ab
826 3902 901 3986 alio,
923 3903 999 3989 quia
1021 3905 1161 3991 primum

184 4021 230 4073 est
252 4007 454 4092 dampnabile
476 4023 507 4073 et
530 4008 706 4072 secundum
730 4027 856 4091 semper
877 4008 1075 4074 meritorium
1096 4009 1161 4077 sive

221 4206 307 4261 ¹18⁸
327 4213 370 4260 sed
389 4227 432 4261 nee
451 4214 532 4262 vlrtas.
640 4212 675 4261 ab.
700 4213 730 4258 us
753 4214 870 4271 preseatls
886 4238 912 4249 -
929 4214 1069 4262 salrseloals
1088 4189 1161 4264 deest

182 4281 219 4331 3ο.
232 4285 256 4332 Α
268 4285 293 4331 la
307 4295 393 4341 maras
408 4282 477 4331 Nota
505 4285 523 4330 Β
537 4283 562 4330 la
575 4295 663 4341 marga
677 4281 738 4330 Nota
753 4295 800 4329 aaa
813 4282 925 4340 letatura.

225 4425 250 4480 3.
267 4428 325 4481 llus
341 4425 401 4482 l.c.
506 4443 546 4495 ²4·
565 4422 930 4482 nesterotcxxxttts
