3262 5226
486 727 655 782 sonamus
673 727 819 781 wrcutr.
963 705 1045 799 [car.
1059 721 1143 770 xxm.

156 884 295 968 gandus,
319 887 395 970 quia
418 903 496 950 tunc
510 885 625 948 dictus
641 885 818 968 Gregorius
840 905 904 948 non
921 883 1003 948 loret
1019 883 1140 968 precise
1153 914 1176 950 2<

159 1003 247 1054 tante
282 991 451 1073 potestatis
485 1005 606 1074 quante
640 989 722 1055 loret
752 1010 836 1074 papa
869 989 949 1053 alius
986 1003 1060 1073 post
1092 991 1142 1052 vel

158 1110 243 1173 ante,
275 1114 388 1179 ymmo
429 1114 493 1158 non
530 1093 652 1177 precise
690 1107 777 1157 tante
815 1092 985 1177 potestatis
1022 1107 1143 1177 quante

157 1197 294 1282 ipsemet
327 1197 420 1279 foret,
451 1196 526 1282 quia
550 1216 615 1260 non
638 1196 722 1262 foret
747 1197 821 1261 dare
845 1196 877 1261 in
902 1217 941 1261 eo
969 1197 1142 1260 maximam

157 1316 351 1386 potestatem
384 1322 442 1365 nec
480 1300 619 1386 aliquam
656 1301 826 1386 parcialem
867 1315 1059 1385 potestatem
1091 1302 1167 1387 (urs

158 1419 248 1490 patet
279 1406 313 1469 in
346 1406 479 1470 materia
504 1405 552 1468 De
575 1405 717 1470 Maximo
740 1421 772 1470 et
796 1402 956 1494 Minimo).
988 1404 1141 1469 Admisso

111 1521 235 1594 rotergo
268 1530 342 1574 casu
370 1511 500 1575 videtur
525 1513 614 1597 quod
638 1531 752 1576 omnes
774 1512 907 1595 spiritus
928 1511 1142 1574 liberarentur

111 1584 135 1674 ii
157 1615 197 1677 de
221 1613 346 1682 inferno
369 1630 402 1680 et
423 1617 625 1701 purgatorio,
649 1632 682 1681 et
704 1635 816 1680 omnes
839 1616 964 1680 viantes
987 1614 1093 1679 forent
1108 1615 1140 1678 in

111 1692 147 1738 '⁸'
157 1720 263 1805 gracia
291 1719 395 1785 finalis
421 1721 663 1806 perseverancie
686 1719 876 1787 confirmati.
901 1721 983 1784 Nam
1013 1719 1140 1783 thesau-

159 1846 212 1889 rus
229 1825 359 1889 ecclesie
385 1827 477 1889 cuius
493 1827 614 1911 accepit
636 1827 764 1906 plenam
785 1824 1062 1911 dispensationem
1093 1837 1142 1887 est
1155 1859 1176 1896 μ

157 1928 321 2018 infinitum
341 1930 414 2015 plus
435 1932 540 1994 bonus
560 1951 660 2016 quam
682 1932 811 1995 habitus
833 1931 894 1995 sibi
910 1930 1078 2014 oppositus
1094 1944 1143 1993 est

159 2033 274 2117 malus,
296 2048 328 2098 et
352 2035 510 2100 limitatur
530 2037 709 2100 secundum
736 2036 787 2100 sui
814 2036 964 2099 ultimum
987 2034 1029 2097 ad
1046 2054 1143 2118 agen·

158 2140 252 2222 dum;
268 2159 346 2224 ergo
360 2141 560 2224 extingueret
571 2143 822 2227 totum-malum·
842 2140 925 2220 Quis
935 2159 1012 2223 ergo
1030 2160 1141 2222 argue·

158 2260 206 2309 ret
224 2246 319 2309 talem
342 2266 461 2332 papam
479 2248 517 2310 de
537 2247 758 2332 imprudencia
774 2248 830 2332 qui
846 2247 1024 2311 destrueret
1041 2259 1142 2310 totam

159 2350 272 2414 mundi
294 2351 466 2434 maliciam,
491 2352 689 2417 restituendo
712 2353 854 2417 seculum
879 2372 1025 2435 aureum,
1051 2365 1086 2415 ut
1109 2351 1141 2413 in
1155 2366 1176 2419 t!

158 2466 243 2518 statu
267 2438 472 2521 innocencie?
502 2457 637 2522 Etcum
661 2477 727 2543 quo
751 2459 839 2521 Deus
871 2472 937 2520 tam
971 2454 1143 2520 efficaciter
1175 2489 1176 2494 κ

158 2575 363 2624 concurreret
385 2557 615 2646 approbando?
639 2562 834 2626 Excitandus
857 2581 935 2644 ergo
956 2559 1038 2624 foret
1059 2579 1142 2644 papa

158 2663 198 2725 ad
244 2677 309 2728 tam
356 2665 512 2730 instanter
550 2664 785 2752 proficiendum
830 2666 970 2748 ecclesie,
1009 2666 1035 2730 si
1078 2686 1142 2729 non

158 2764 286 2853 diffidit,
319 2770 374 2834 sed
409 2770 545 2837 confidit
580 2773 612 2835 in
645 2772 844 2856 plenitudine
872 2771 1020 2854 potencie
1043 2790 1141 2855 quam

157 2874 328 2956 pretendit.
1153 2905 1176 2940 ar

111 2995 147 3082 ἣν
203 2977 293 3061 Item,
326 2980 477 3045 dominus
505 3002 588 3065 papa
611 2997 719 3067 potest
749 2981 910 3045 remittere
937 2980 1141 3043 medietatem

111 3089 147 3187 .ῗῖ
160 3086 208 3147 vel
225 3079 355 3148 terciam
372 3103 497 3170 partem
514 3088 617 3151 tocius
637 3087 817 3170 penitencie
833 3101 890 3149 aut
913 3104 1142 3169 quamcunque

158 3205 281 3272 partem
324 3191 392 3255 eius
428 3192 604 3275 aliquotam
637 3190 688 3278 (ut
729 3193 805 3254 dicit
848 3191 907 3254 ista
945 3189 1069 3274 posicio
1111 3204 1142 3252 et

157 3293 341 3375 perdoniste
374 3293 594 3380 preconizant)
617 3297 648 3359 in
673 3297 786 3381 patria,
818 3296 873 3358 sed
901 3294 927 3357 si
951 3293 1012 3356 hoc
1035 3307 1142 3377 potest

158 3412 234 3461 tunc
265 3415 371 3482 potest
401 3401 531 3463 totalem
563 3402 776 3483 penitenciam
805 3400 938 3462 omnino
965 3398 1139 3476 remittere,
1153 3413 1176 3465 a!

158 3518 188 3566 et
212 3505 294 3568 sicut
317 3505 357 3567 de
381 3526 443 3568 una
468 3526 615 3589 persona,
646 3507 690 3570 sic
714 3507 753 3568 de
778 3506 867 3568 totali
892 3503 1040 3583 ecclesia;
1064 3523 1141 3586 ergo

157 3622 263 3693 potest
294 3631 479 3694 preservare
513 3612 649 3700 totalem¹
676 3610 841 3674 ecclesiam
871 3610 911 3671 ab
938 3609 1027 3671 omni
1059 3628 1140 3690 pena

158 3717 334 3802 purgatorii
367 3717 416 3778 vel
448 3715 574 3779 inferni,
613 3716 673 3778 Hic
704 3716 815 3778 dicunt
851 3714 1020 3777 decretiste
1052 3733 1139 3775 com·

157 3823 298 3885 muniter
313 3822 400 3907 quod
417 3843 501 3906 papa
525 3842 589 3884 non
611 3822 745 3884 remittit
762 3819 948 3903 regulariter
964 3818 1139 3881 secundum

157 3942 280 4011 partem
305 3941 459 4011 quantam
489 3928 542 3989 sed
567 3942 712 4012 quotam,
737 3941 773 3988 ut
797 3924 884 4006 tetigi
908 3944 965 4008 per
989 3923 1139 3985 Hostien-
1150 3932 1176 3985 3<

156 4054 223 4096 sem
261 4031 408 4115 superius
446 4047 477 4096 et
516 4033 627 4096 recitat
660 4033 764 4113 glossa
797 4032 828 4093 in
863 4029 1010 4108 decretis,
1039 4027 1139 4110 xilv,

157 4161 188 4223 q.
212 4139 265 4219 11⁸,
289 4157 386 4221 super
413 4137 555 4221 capitulo
582 4137 737 4220 Tenrpus,·
759 4151 790 4199 et
814 4136 872 4199 ista
896 4135 982 4197 scola
1014 4133 1140 4196 videtur

196 4343 218 4389 8.
232 4345 301 4401 AAp
316 4343 493 4400 lorentmagoa.
547 4344 575 4391 13.
590 4342 664 4400 Qulse
677 4344 767 4389 codd.r
780 4342 843 4401 qula.
898 4342 1140 4401 17.approbrndo(?);

157 4451 178 4495 Α
193 4448 224 4493 Be
238 4426 341 4507 epp⁰ddo.
447 4447 483 4493 28.
497 4451 518 4495 Α
533 4448 551 4493 Β
565 4448 589 4494 ln
604 4459 692 4503 marg-r
706 4448 836 4506 Responsio
851 4448 1036 4494 decretlstaranr.

200 4658 241 4713 ³1.
260 4658 302 4712 32.
321 4660 422 4713 Decreti
442 4675 494 4713 sec.
511 4676 582 4730 pars,
599 4675 678 4713 causa
694 4661 762 4726 xlll,
779 4674 805 4729 q.
826 4660 857 4724 ll,
875 4674 932 4730 cap.
952 4658 1044 4715 xxul.
