3262 5226
210 312 362 405 censu]
591 333 637 386 nrt
655 330 831 386 accessu

97 504 198 578 01771
209 491 299 554 civile
332 487 523 553 dominium.
556 487 589 553 Si
620 503 727 553 autem
758 487 899 553 viverent
929 487 1030 555 ritum
1062 487 1201 553 omuino

208 593 497 678 exproprietarium
527 592 607 657 sicut
629 591 774 656 vixerunt
804 591 951 658 Christus
982 608 1015 658 et
1046 592 1200 679 Baptista,

209 720 273 762 non
298 698 403 763 forent
424 699 469 762 sic
492 696 633 779 subiecti,
656 711 686 760 et
712 696 756 760 sic
785 696 909 761 racione
936 697 1100 762 bonorum
1133 696 1200 761 ior·

208 819 284 868 tune
307 819 338 868 et
360 805 521 866 bonorum
546 818 654 866 nature
677 801 708 864 in
732 821 805 865 casu
827 822 895 885 quo
910 803 1076 886 contingat
1098 802 1130 864 in
1154 801 1200 865 eis
1254 811 1385 874 ποιμα

1220 864 1314 922 subiect
1329 875 1374 912 not
1388 879 1415 912 ss
1508 896 1512 901 -

184 910 326 976 §abusus
349 908 397 970 vel
420 921 623 992 contemptus
646 905 792 970 notabilis
813 905 885 969 licet
909 906 973 989 regi
995 927 1051 969 eos
1067 905 1202 969 civiliter
1223 919 1313 1013 qesgy,
1327 921 1372 964 uns
1387 932 1415 964 ιι

209 1013 384 1091 cohercere,
402 1033 465 1074 non
483 1011 513 1073 in
531 1025 686 1094 quantum
703 1009 889 1090 sacerdotes,
913 1011 967 1073 sed
992 1010 1024 1072 in
1040 1024 1201 1095 quantum
1227 972 1410 1079 ''iiiiii'‘

211 1117 290 1198 regis
307 1116 514 1179 elemosinarii
533 1116 581 1177 rel
597 1115 743 1178 homines
760 1114 826 1178 eius
842 1114 912 1198 legii
926 1129 1202 1199 contempnentes.

211 1222 251 1285 Et
273 1221 318 1284 sic
341 1221 402 1305 regi
426 1241 486 1284 suo
509 1220 542 1283 in
566 1240 698 1303 corpore
722 1233 753 1282 et
775 1218 867 1282 bonis
887 1218 1106 1302 multipliciter
1126 1234 1203 1283 sunt

211 1325 354 1389 subiecti.
401 1324 538 1387 Econtra
563 1338 670 1388 autem
694 1344 744 1388 rex
768 1324 860 1386 debet
882 1344 949 1387 esse
972 1323 1018 1387 eis
1041 1323 1204 1389 subiectus

170 1431 242 1498 roin
269 1430 328 1493 hiis
352 1449 413 1513 que
437 1429 572 1492 suntad
597 1429 713 1509 Deum,
739 1443 773 1491 ut
795 1428 835 1492 sit
856 1428 900 1491 sic
916 1442 1029 1492 mutua
1044 1429 1205 1494 connexio
1310 1439 1320 1457 ¹

210 1535 343 1598 caritatis
367 1548 398 1597 et
419 1533 539 1596 ordinis
563 1532 740 1618 utrobique.

130 1655 160 1709 R
178 1656 199 1708 3
255 1639 370 1703 Tercio
392 1638 535 1723 arguitur
558 1659 614 1722 per
628 1638 690 1701 hoc
706 1639 793 1723 quod
808 1637 909 1702 clerus
925 1661 1090 1725 nunquam
1108 1640 1203 1706 debet
1240 1649 1329 1697 stne
1343 1650 1399 1710 tany

210 1745 350 1829 castigari
365 1764 420 1828 per
435 1743 552 1806 laicum
578 1742 634 1804 nisi
659 1743 691 1805 in
708 1741 831 1806 delectu
852 1744 1022 1826 spiritualis
1037 1745 1202 1828 prepositi,
1220 1704 1420 1803 oii⁶liieiiirr

210 1865 240 1913 et
266 1871 322 1935 per
346 1869 544 1932 consequens
568 1868 733 1932 nunquam
755 1861 924 1931 antequam
939 1869 1022 1933 papa
1044 1807 1426 1929 defecerit,⁰ininuoiirl'ii.⁸⁸¹

172 1974 200 2025 15
211 1969 338 2045 oportet
352 1974 426 2037 ergo
442 1953 606 2016 subditum
623 1953 736 2037 corripi
762 1973 816 2036 per
830 1952 1045 2034 diocesanum,
1061 1957 1204 2020 secundo

212 2080 268 2143 per
300 2059 596 2143 metropolitanum,
632 2073 663 2122 ct
694 2058 718 2121 si
751 2058 793 2120 illi
826 2057 1005 2136 defecerint,
1039 2072 1116 2124 tunc
1147 2080 1205 2144 per

212 2185 339 2248 papam.
363 2164 403 2226 Et
426 2183 491 2225 non
516 2176 562 2226 est
585 2164 834 2247 presumendum
857 2164 944 2247 quod
967 2162 1000 2225 in
1023 2163 1085 2227 lriis
1105 2164 1206 2230 tribus

213 2268 310 2353 signis
336 2268 466 2332 ecclesia
489 2267 607 2332 Christi
631 2268 762 2334 deficiet.

257 2373 317 2437 Hic
340 2373 454 2437 dicitur
477 2374 565 2457 quod
589 2388 788 2458 assumptum
820 2388 866 2438 est
896 2395 1016 2455 verum,
1048 2374 1123 2459 quia
1155 2372 1206 2460 (ut
1227 2388 1378 2486 Temen

1249 2454 1304 2493 ιιιις
1318 2441 1362 2487 but
1374 2442 1415 2487 tlte

171 2517 203 2552 20
214 2500 286 2563 sepe
309 2478 388 2566 dixi)
406 2478 537 2542 clericus
554 2500 718 2564 nunquam
735 2480 875 2561 castigari
897 2480 988 2543 debet
1011 2500 1067 2564 per
1086 2480 1205 2544 laicum
1227 2493 1420 2593 rr't'qqqopqqpo

214 2583 271 2647 nisi
297 2582 483 2648 auctoritato
506 2584 635 2648 ecclesie
658 2585 688 2646 in
713 2582 834 2645 delectu
859 2583 1027 2666 spiritualis
1050 2585 1204 2671 prepositi
1227 2597 1415 2696 raperemur,

213 2688 298 2753 etin
322 2710 396 2753 casu
420 2710 486 2774 quo
515 2688 645 2752 clericus
680 2685 772 2748 suerit
808 2706 826 2748 a
861 2685 920 2751 fide
950 2690 1073 2755 devius.
1111 2691 1205 2755 Unde
1263 2661 1385 2759 riisiriii

214 2795 322 2879 posito
345 2796 384 2859 de
406 2791 551 2878 possibili
574 2791 661 2876 quod
694 2810 806 2853 omnes
828 2791 967 2877 episcopi
991 2794 1081 2880 regni
1104 2794 1205 2859 nostri

214 2899 361 2964 deficiant
385 2900 416 2962 in
439 2897 505 2961 suis
529 2893 780 2958 correccionibus
802 2911 876 2979 post
898 2897 946 2960 vel
969 2912 1055 2982 ante,
1079 2899 1206 2965 racione

172 3025 202 3076 25
214 3006 305 3070 cuius
328 3004 469 3067 desectus
484 2999 654 3063 invalescat
669 3013 834 3082 peccatum
856 3002 894 3065 ad
911 3002 996 3086 regni
1014 3004 1206 3088 periculum,

213 3131 325 3195 regum
357 3121 465 3173 autem
493 3117 541 3168 est
572 3103 632 3166 sub
662 3104 747 3188 gravi
782 3106 922 3189 periculo
954 3108 1076 3172 clerum
1108 3131 1206 3174 suum

212 3215 368 3299 corripere
384 3210 491 3296 quoad
507 3228 624 3292 corpus
641 3209 688 3272 vel
703 3211 915 3282 substanciam
930 3212 1014 3293 cleri,
1038 3212 1071 3277 in
1086 3213 1206 3299 quibus

212 3318 358 3405 potestati
386 3315 469 3400 regie
496 3327 544 3378 est
567 3313 742 3397 subiectus;
765 3318 853 3400 quod
885 3317 910 3379 si
942 3317 1044 3380 clerus
1076 3317 1205 3382 devenit

212 3425 253 3488 ad
269 3436 389 3488 tantam
404 3418 657 3505 profunditatem
681 3420 814 3502 malicie,
837 3420 1006 3505 spiritualis
1021 3421 1205 3507 prepositus

169 3544 203 3598 30
213 3528 400 3593 omnimode
422 3537 469 3589 est
503 3525 536 3587 in
559 3544 663 3589 causa.
695 3527 760 3590 Nec
794 3541 839 3590 est
870 3526 1034 3610 prudentis
1067 3546 1209 3592 asserere¹

213 3634 302 3719 quod
317 3651 370 3695 rex
386 3643 564 3714 expectaret
578 3629 809 3694 correccionem
826 3630 909 3712 cleri,
932 3651 1105 3717 quousque
1120 3651 1205 3716 paps

252 3853 275 3900 8.
288 3852 340 3898 uta
351 3864 438 3908 merga
453 3850 504 3897 Sub
519 3863 565 3910 qus
575 3851 669 3898 rsclone
680 3864 719 3896 rex
730 3858 807 3907 potest
816 3852 950 3897 sacerdotes
959 3852 1060 3899 elrlllter
1068 3852 1204 3899 canerem.

213 3936 246 3970 ro.
269 3923 286 3968 Β
301 3923 324 3968 ln
339 3933 425 3978 merga
440 3921 466 3967 lu
481 3922 527 3967 lrlls
542 3933 589 3980 que
602 3923 631 3967 sd
647 3921 721 3966 bearn
744 3922 850 3979 perinent
869 3934 910 3967 rex
927 3930 962 3967 est
985 3922 1108 3967 sublectus
1128 3934 1204 3969 ruer*

213 3994 316 4039 dotibus.
422 4003 453 4036 ιι.
473 3995 495 4036 Α
515 3992 538 4035 ln
558 4003 644 4048 merga
667 3990 773 4037 Clerleas
795 4002 914 4048 nunqusm
936 3991 1006 4037 debet
1027 3991 1139 4049 eastlgsrl
1160 4003 1213 4050 per.

212 4062 298 4108 lateam
312 4063 358 4107 nlsl
372 4062 395 4108 ln
410 4062 503 4107 delectu
522 4060 639 4119 splrltusll
652 4060 774 4119 preporltl,
795 4061 898 4106 sednon
913 4068 1005 4118 oportet
1023 4068 1049 4106 ιιι
1064 4074 1125 4121 pape
1149 4073 1205 4108 σοι·

213 4132 290 4178 recolo
299 4140 441 4189 expectetur.
535 4144 568 4188 ¹9·
583 4136 604 4177 Α
619 4132 642 4176 ln
653 4143 741 4189 marga
755 4131 898 4189 Rerpoaslo.
996 4143 1032 4178 so.
1047 4133 1070 4178 Α
1080 4134 1104 4178 la
1114 4143 1201 4189 merga

213 4199 344 4248 Coactaslo
359 4207 468 4248 notanda.
546 4213 577 4248 ιι.
592 4214 627 4248 ιι.
649 4204 727 4259 ΑΑ,ι
749 4202 863 4259 preposltl
881 4202 905 4248 la
924 4213 989 4247 essu.
1071 4203 1106 4248 ιθ.
1121 4203 1204 4258 Aust

213 4272 276 4328 qaod
290 4295 316 4306 -
330 4273 467 4319 omnimode
481 4279 516 4318 est
531 4273 604 4317 deest.
711 4269 740 4317 3¹.
755 4273 777 4318 Α
792 4271 809 4316 Β
824 4272 847 4317 ln
862 4282 949 4328 marga
963 4270 1055 4318 Flecle.
