3262 5226
690 460 859 516 ronanus
879 459 1027 513 wreus.
1113 416 1151 475 θ
1207 420 1349 527 [cmxii

371 641 434 706 qur
466 622 552 684 Deus
579 618 690 700 aulert,
712 631 742 682 et
775 619 815 680 de
846 616 913 680 iure
943 617 983 679 ad
1012 615 1057 677 sic
1087 613 1268 676 habendum
1291 632 1348 695 pro
1361 623 1463 692 164⁸0

372 725 482 788 eadem
498 744 656 788 mensura.
680 720 829 786 Similiter
842 719 894 782 vel
907 733 954 783 est
968 717 1134 782 ablatarius
1150 729 1379 786 contentatusa

372 830 412 894 de
433 829 596 894 oblacione
617 825 676 890 Dei
698 826 746 889 uel
769 838 980 889 remurmurat
1001 824 1051 887 vel
1073 837 1120 887 est
1147 815 1266 886 neuter.
1289 820 1350 884 Sed

373 933 399 996 si
430 945 642 1013 contentatur,
674 943 811 994 meretur
841 951 860 993 a
894 929 963 992 Deo
978 927 999 973 *
1013 926 1165 991 meritum
1196 927 1245 990 vel
1273 939 1423 1008 aug-164·

374 1052 519 1102 mentum
542 1034 656 1116 meriti,
679 1037 766 1120 quod
789 1047 837 1097 est
859 1033 1020 1098 valencius
1035 1052 1132 1118 quam
1149 1030 1228 1095 locet
1250 1029 1375 1096 abici05

373 1141 480 1224 oblati,
507 1154 539 1204 et
561 1160 618 1224 per
639 1159 848 1223 consequens,
871 1139 958 1203 Deus
985 1157 1041 1223 per
1063 1133 1351 1200 commutacionem

372 1245 421 1309 vel
444 1242 779 1329 recompensacionem
801 1262 897 1327 super
919 1254 1107 1306 remunerat.
1130 1239 1163 1304 Si
1185 1237 1351 1301 oblatorius

373 1353 595 1436 remurmurat.
611 1346 693 1432 perit
707 1360 836 1431 propter
850 1360 1014 1432 peccatum
1031 1366 1127 1410 suum
1141 1345 1191 1409 ius
1205 1341 1352 1417 habendi,

376 1465 407 1516 et
442 1469 554 1549 sumus
592 1463 678 1514 extra
713 1470 823 1513 casum
855 1449 1080 1531 conclusionis,
1117 1449 1198 1512 sicut
1232 1446 1350 1530 Egipcii

374 1555 597 1629 lorislacieutes
619 1556 651 1619 in
675 1554 841 1641 capitalem
865 1555 1033 1618 dominum
1052 1552 1230 1617 exciderunt
1253 1551 1352 1613 niure
1365 1582 1395 1618 ιο

374 1647 535 1745 bonorum
550 1681 569 1724 a
583 1661 700 1745 quibus
714 1683 751 1724 ex
767 1660 917 1725 mandato
934 1658 1056 1723 domini
1072 1657 1215 1722 habentis
1238 1655 1305 1740 ipsa
1320 1654 1352 1717 in

374 1761 451 1828 fisco
467 1765 591 1829 fuerant
607 1765 741 1849 spoliati.
765 1764 837 1847 Cui,
860 1763 1001 1849 inquam,
1022 1761 1130 1826 debuit
1144 1761 1246 1826 iustus
1261 1760 1353 1825 iudex

374 1869 448 1933 dare
469 1870 554 1933 bona
576 1869 620 1934 sic
642 1869 812 1935 confiscata
834 1867 893 1931 nisi
916 1867 1012 1931 servis
1034 1867 1100 1931 suis
1114 1866 1169 1952 qui
1185 1865 1272 1951 prius
1287 1867 1353 1951 ipsa

376 1969 572 2039 meruerant?
594 1973 626 2039 Si
642 1988 749 2038 autem
763 1973 931 2038 ablatarius
946 1972 986 2038 sit
1001 1986 1112 2037 neuter
1126 1972 1231 2056 quoad
1248 1985 1353 2036 actum

318 2134 321 2141 .
374 2078 566 2162 explicitum,
600 2078 807 2163 equanimiter
838 2078 962 2162 tollerat
989 2077 1095 2162 ipsum
1127 2090 1286 2158 eventum,
1324 2090 1395 2143 etis

373 2182 525 2268 quicquid
541 2184 628 2247 Deus
642 2183 811 2247 decreverit
826 2182 1015 2262 laciendum,
1031 2195 1062 2245 et
1077 2201 1133 2266 per
1147 2202 1353 2266 consequens,

373 2286 520 2351 accrescit
534 2286 566 2350 in
583 2287 712 2369 merito;
727 2286 823 2351 talem
843 2285 927 2349 enim
943 2299 1047 2349 actum
1061 2285 1109 2348 vel
1121 2284 1264 2349 habitum
1278 2306 1353 2349 con·

375 2392 825 2476 iusumoportetinesseomni
836 2390 1252 2475 iust03etpatetconclusio.
1264 2392 1354 2456 Unde

375 2498 434 2562 ista
456 2498 532 2562 fides
551 2499 590 2562 de
610 2497 752 2561 absolute
768 2496 943 2562 necessaria
962 2494 1083 2559 iusticia
1098 2509 1129 2559 et
1144 2494 1354 2560 misericordia

375 2603 432 2666 Dei
448 2602 521 2668 lacit
540 2601 727 2667 christianos
741 2603 913 2685 gaudenter
923 2599 989 2686 pati
998 2615 1030 2665 et
1038 2600 1229 2685 gratulanter
1244 2620 1353 2685 accep·
1364 2630 1398 2667 20

280 2747 288 2767 ,
375 2720 440 2771 tare
462 2705 615 2792 quicquid
637 2706 850 2791 prosperitatis
869 2704 919 2768 vel
940 2726 1021 2789 pene
1044 2705 1088 2768 eis
1103 2704 1259 2786 acciderit,
1281 2705 1355 2789 quia

375 2810 479 2876 sciunt
501 2811 746 2875 demonstrative
767 2811 855 2895 quod
875 2810 961 2873 Deus
984 2829 1049 2872 non
1072 2823 1177 2894 potest
1191 2809 1236 2873 eis
1250 2809 1355 2872 humi·

376 2915 447 2979 liter
457 2915 652 3000 pacientibus
662 2914 802 2997 delicere,
813 2913 890 2999 quin
901 2913 974 2977 loco
984 2913 1077 2976 ablati
1088 2915 1205 2979 tribuat
1215 2914 1355 2999 pociora.

173 3040 193 3084 n
206 3036 355 3085 irrumare
422 3021 513 3085 Unde
529 3022 599 3084 vani
624 3036 699 3085 sunt
720 3042 810 3085 casus
833 3022 950 3105 quibus
972 3019 1101 3105 ponitur
1116 3021 1221 3084 Deum
1236 3018 1356 3082 auferre

166 3093 361 3210 &iiii'liill
378 3145 396 3185 a
418 3123 502 3205 justo
525 3126 662 3209 graciam
679 3126 727 3190 vel
742 3126 932 3189 adnichilare
956 3124 1121 3189 hominem
1138 3125 1203 3188 sine
1227 3146 1286 3189 suo
1302 3126 1354 3189 de·
1367 3141 1398 3193 25

159 3195 506 3310 ‘'⁰ii'iill‘}¹‘⁶merit0;
531 3229 591 3293 hoc
616 3231 700 3294 enim
720 3232 883 3314 derogaret
898 3229 1135 3314 omnipotencie
1158 3242 1189 3292 et
1206 3251 1357 3313 supremo

376 3332 521 3396 dominio
546 3334 602 3397 Dei
627 3335 734 3398 nostri.
757 3335 832 3398 ldeo
856 3355 930 3397 cum
953 3347 1067 3397 notum
1089 3334 1128 3396 sit
1150 3335 1238 3418 quod
1261 3335 1357 3413 Deus,

376 3435 401 3496 si
426 3436 470 3500 sic
494 3436 607 3501 laceret
635 3439 716 3521 juste
739 3439 861 3521 laceret,
893 3459 959 3502 non
992 3452 1087 3502 restat
1113 3437 1170 3500 nisi
1194 3453 1355 3522 expectare

376 3539 407 3602 in
432 3539 492 3604 fide
514 3542 665 3624 predicta,
680 3563 849 3628 quousque
864 3544 1036 3628 probatum
1057 3541 1160 3624 luerit,
1183 3542 1207 3604 si
1231 3542 1357 3626 poterit,

376 3645 465 3728 quod
492 3646 579 3708 Deus
605 3647 707 3729 possit
734 3647 777 3711 sic
800 3647 915 3728 lacere;
947 3647 1043 3710 nichil
1072 3646 1177 3732 itaque
1204 3661 1400 3732 repugnat3o

378 3748 522 3831 potencie
543 3749 753 3813 adnichilandi
770 3771 845 3813 cum
861 3751 913 3814 illa
936 3771 1001 3813 non
1019 3764 1125 3835 potest
1146 3769 1225 3831 esse,
1247 3766 1278 3814 et
1301 3751 1358 3814 iste

378 3854 563 3937 exemplaris
590 3855 712 3918 iusticia
742 3855 773 3917 in
798 3856 867 3919 Deo
899 3856 991 3918 debet
1024 3875 1090 3919 esse
1113 3854 1272 3936 exemplar
1293 3855 1358 3918 cui·

379 3956 454 4021 libet
476 3957 544 4021 eius
561 3959 690 4042 vicario,
714 3973 780 4049 tam
800 3981 882 4045 pape
905 3979 1002 4045 quarn
1025 3958 1100 4043 regi,
1122 3972 1158 4023 ut
1180 3977 1246 4020 non
1270 3956 1360 4020 iaciat

419 4178 442 4223 6.
457 4180 488 4226 ua
503 4178 547 4225 Vel
562 4193 611 4238 per.
717 4179 841 4239 ιλΑΑμ
862 4182 1024 4228 eoafioeraeia.
1130 4176 1358 4236 rseqaralmuerla

380 4250 450 4295 codd.
568 4262 601 4309 ις».
627 4252 693 4298 Ala
712 4263 799 4308 marga
823 4251 959 4297 conclusio.
1082 4248 1115 4296 ai.
1137 4251 1220 4296 tribuet
1242 4248 1267 4293 ln
1289 4247 1359 4293 codd.

271 4350 275 4359 .
380 4331 416 4371 ar.
430 4322 452 4365 Λ
466 4320 489 4364 ln
504 4332 590 4373 marga
613 4320 676 4366 Deus
690 4333 737 4365 non
758 4329 834 4378 potent
855 4321 940 4366 inlurre
959 4320 1051 4367 rulerre
1072 4332 1116 4366 nee
1130 4326 1207 4377 polest
1220 4318 1360 4365 rnulcltllart

380 4390 474 4443 (libore
488 4390 540 4443 164·
556 4389 654 4435 without
668 4391 734 4435 rarrk
747 4391 772 4436 ol
784 4390 921 4446 reference).
