3262 5226
348 319 362 413 ,’
380 360 402 433 ¹·
512 326 536 405 ’.
612 350 781 407 maianis
798 349 945 407 wrcur.
1114 332 1195 420 [cae
1208 346 1272 396 ιιι.

294 530 417 577 mm·
439 510 523 575 Nm
542 508 671 575 pulmo
685 508 783 592 ww,
805 506 837 591 8,
858 508 899 573 (¹0
919 507 977 573 mo
998 506 1127 575 dicitur:
1153 506 1273 575 omnia
1285 526 1378 600 '7²⁸1

294 613 458 682 sutrecutt
468 611 529 679 sul
544 610 685 699 pedibas
705 612 785 692 eins,
807 626 839 679 et
858 612 945 678 Luce
959 612 1016 697 X0,
1038 630 1091 695 aa,
1112 612 1188 678 dicit
1213 612 1274 679 iste

296 716 528 805 primogenitu·
572 736 611 782 ex
654 714 765 781 multis
809 714 974 783 iratribus:
1025 715 1146 782 Omnia
1174 718 1275 785 'milri

295 822 420 889 hadita
439 815 519 887 saar
537 840 559 887 a
575 830 675 907 patre
706 840 792 901 meo,
824 834 860 911 et
881 820 1009 887 Psalmo
1030 820 1075 886 11⁰
1100 821 1275 908 alloquitur

294 941 384 1014 pater
404 938 499 991 eum:
526 924 659 991 Ροιιιιιιι
685 946 706 989 a
728 943 779 988 rra
800 933 832 990 et
852 923 937 990 dabo
958 925 1019 991 tili
1041 936 1157 1012 gentes
1180 926 1299 1002 ltere-5

206 1026 212 1043 ’
294 1031 426 1097 aticum
448 1037 551 1107 taam,
575 1038 608 1094 et
623 1030 863 1123 possessionem
885 1038 976 1094 tuam
998 1030 1154 1096 terminos
1174 1039 1273 1096 terre.

102 1146 266 1195 omrmtu
295 1133 375 1201 Ex
364 1132 431 1199 rstir
452 1130 496 1198 sic
517 1146 633 1219 argum
653 1133 760 1198 Nemo
779 1152 852 1197 rere
872 1132 1016 1219 possidet
1045 1133 1219 1220 quicqum
1240 1134 1274 1200 in

88 1200 283 1299 qat'qtouom
123 1250 279 1350 narmi
295 1254 376 1305 terra
405 1236 466 1302 nisi
486 1236 538 1303 rel
559 1234 706 1304 Christus
733 1238 786 1302 rel
816 1237 885 1303 eins
917 1235 1011 1321 filius,
1042 1238 1097 1302 sed
1115 1238 1274 1335 ‘quicquid

81 1304 289 1403 ww*
195 1314 368 1411 p“mulis
387 1340 572 1429 possederit,
594 1354 643 1407 est
661 1340 894 1429 patrimonium
914 1340 1065 1426 crucifixi,
1084 1363 1161 1430 ergo
1176 1364 1274 1409 nemo

295 1450 335 1514 de
370 1446 439 1513 inre
474 1444 652 1533 quidquam
686 1446 829 1531 possidet
864 1445 925 1511 nisi
961 1445 1056 1512 titulo
1088 1448 1273 1532 patrimonii
1286 1489 1319 1527 ,ο

296 1548 447 1633 cmcilixi,
468 1566 501 1616 et
520 1569 579 1637 per
598 1570 798 1637 consequens
811 1549 987 1637 superiores
1001 1548 1070 1634 lilii,
1091 1550 1274 1617 cuiusmodi

295 1670 370 1722 sunt
380 1653 482 1722 clerici
491 1668 522 1719 et
531 1652 704 1740 specialiter
717 1653 786 1721 eius
799 1653 915 1738 vicarii,
928 1654 1019 1741 prius
1028 1668 1060 1721 et
1068 1654 1275 1721 excellencius

297 1762 413 1826 debent
427 1758 588 1845 possidere
602 1760 643 1824 de
656 1758 725 1824 cius
734 1758 927 1844 patrimonio
936 1778 1033 1847 quam
1041 1758 1095 1824 alii
1108 1760 1275 1830 seculares.

182 1884 204 1918 a
234 1885 243 1917 ι
338 1864 402 1930 liic
422 1863 537 1929 dicitur
557 1863 646 1949 quod
666 1876 801 1950 utraque
821 1862 986 1929 conclusio
1000 1877 1048 1930 eat
1062 1865 1274 1930 concedenda.

211 1990 219 2033 ι
296 1971 379 2036 Nam
401 1968 468 2033 iure
488 1966 642 2033 altissimo
656 1966 752 2033 habet
764 1967 833 2053 ipse
847 1982 916 2033 tam
929 1969 1107 2033 secuudum
1123 1967 1275 2034 deitatem
1287 1995 1318 2049 15

295 2093 394 2159 quam
424 2071 602 2136 secundum
634 2070 867 2137 humanitatem
897 2071 1008 2137 omnia
1037 2072 1274 2157 boamundi,

296 2193 328 2243 et
363 2176 537 2242 secundum
575 2174 808 2242 derivationem
841 2176 882 2242 ab
918 2176 990 2262 ipso
1026 2176 1116 2242 ionte
1140 2176 1274 2261 iusticie,

296 2279 473 2347 secundum
502 2280 620 2364 gradus
649 2280 840 2367 dignitatum
871 2280 1058 2367 participent
1092 2282 1146 2347 alii
1182 2283 1275 2347 honis

296 2385 372 2468 suis,
402 2383 435 2448 in
458 2397 582 2449 tantum
604 2384 693 2469 quod
714 2384 740 2449 si
761 2384 830 2471 ipse
851 2405 918 2450 non
941 2368 1053 2452 luisset
1083 2385 1275 2470 incarnatur,

297 2510 363 2554 uon
385 2486 496 2553 luisset
520 2487 554 2552 in
582 2501 654 2553 toto
675 2508 790 2572 genere
811 2489 955 2555 humrno
976 2490 1067 2576 lapso
1090 2490 1276 2576 simpliciter
1285 2532 1319 2570 ,ο

296 2594 380 2659 iusta
409 2590 578 2678 possessio,
605 2591 650 2656 sic
671 2593 761 2679 quod
782 2614 895 2659 omnes
917 2608 1021 2680 patres
1042 2594 1155 2660 veteris
1180 2608 1274 2660 testa·

296 2695 395 2763 menti
417 2695 533 2782 quibus
548 2696 635 2761 Deus
657 2695 814 2781 disposuit
833 2718 980 2783 regnum,
995 2698 1061 2764 siue
1081 2698 1214 2784 gentiles
1240 2711 1277 2764 ut

296 2802 365 2883 lob,
388 2799 685 2866 Nabuchodonosor
707 2814 739 2866 et
759 2800 889 2884 similes,
910 2801 976 2867 sive
992 2802 1108 2867 chrei
1130 2815 1277 2889 tempore

297 2906 461 2990 utriusque
486 2903 574 2988 legis,
610 2924 732 2988 omnes,
762 2906 904 2992 inquam,
935 2922 1119 2991 receperunt
1149 2929 1275 2994 posses·
1319 2911 1322 2917 ’

298 3009 402 3073 siones
423 3008 491 3072 iure
506 3006 638 3091 Christi;
661 3009 715 3094 qui
730 3010 877 3094 passione
891 3032 948 3075 sua
964 3010 1143 3078 rectificavit
1163 3013 1275 3079 titulos
1285 3037 1319 3092 sl

298 3113 445 3178 omnium
477 3114 693 3177 membrorum
722 3134 866 3196 suorum,
899 3136 1011 3200 ymmo
1032 3117 1276 3201 quodammodo

299 3217 417 3302 profuit
448 3216 505 3282 toti
537 3217 670 3297 mundo,
701 3239 776 3283 cum
808 3240 919 3283 omncs
955 3221 1128 3306 dampnati,
1165 3222 1276 3288 omnia

298 3324 483 3405 inanimata,
514 3336 546 3387 et
578 3321 711 3386 breviter
733 3336 799 3387 tota
822 3325 1006 3389 universitas
1038 3338 1140 3390 creata
1165 3328 1276 3413 recipit

299 3428 459 3514 quandam
480 3425 712 3512 perlectionem
734 3429 904 3492 secundam
925 3451 962 3493 ex
977 3431 1040 3494 vita
1056 3429 1184 3513 Christi,
1200 3445 1276 3496 cum

299 3546 385 3597 totus
408 3531 547 3596 mundus
563 3533 739 3597 secundum
754 3534 928 3617 quamlibet
946 3548 1070 3619 partem
1084 3534 1133 3599 sui
1148 3535 1274 3599 racione
1286 3558 1320 3611 30

299 3635 400 3700 meriti
417 3634 532 3700 Christi
546 3636 718 3720 perfectius
738 3637 834 3701 servit
848 3637 928 3720 Deo,
943 3658 1018 3703 cum
1031 3639 1121 3703 aliter
1135 3638 1275 3702 mundus

299 3739 378 3804 soret
407 3738 555 3820 colobon,
588 3753 619 3803 et
645 3754 749 3825 partes
776 3724 954 3807 inordinate
986 3742 1091 3809 forent
1121 3756 1276 3829 perpetuo

299 3843 358 3906 sibi
379 3842 455 3929 ipsis
476 3844 641 3910 contrarie.

338 4077 361 4121 9.
374 4067 398 4111 Α
410 4067 454 4122 Δρ
469 4065 669 4120 erqo-crucifici
687 4066 761 4113 deest.
817 4079 849 4122 trs
863 4070 885 4114 A
895 4067 918 4114 la
934 4080 1021 4125 marra
1036 4069 1177 4128 Responsio.
1192 4070 1277 4119 Omnia

301 4134 434 4181 dominacio
446 4143 469 4181 et
482 4134 542 4181 iusta
556 4136 679 4193 possessio
692 4143 728 4182 est
740 4137 845 4183 lnatituta
862 4151 891 4183 ex
904 4137 950 4184 vita
964 4138 1051 4186 Clrrlati
1064 4148 1087 4186 et
1099 4152 1142 4185 sna
1157 4141 1276 4198 passione.

301 4202 648 4263 rt.Alnraarr.tCortcluslo.
721 4219 757 4261 ur„
767 4204 857 4252 Codd.r
871 4211 1140 4268 orauerluquautnur.¹
1190 4220 1227 4268 ap·
1241 4213 1277 4258 Αι

302 4281 324 4319 et
336 4272 390 4319 rita.
494 4272 527 4320 ³2.
543 4276 645 4321 coloten
660 4278 683 4323 in
697 4277 766 4323 codd.
780 4285 842 4323 recte
856 4277 956 4323 colobot
968 4277 992 4323 ld
1006 4285 1054 4325 ιιιι
1069 4286 1198 4328 maeatas.
