3262 5226
684 405 853 459 sonantis
868 404 1018 458 wtctn.
1106 374 1111 382 ’
1174 384 1352 476 [canxvnt

369 588 498 646 novum,
522 586 633 631 verum
658 564 758 627 eciam
782 582 824 628 ex
845 562 902 626 illo
924 563 1040 647 quein
1064 562 1141 625 celis
1163 583 1291 648 semper
1312 577 1468 648 exstet·

367 693 431 758 quo
460 670 589 736 condita
620 679 669 733 est
699 668 819 732 cohesit
847 666 975 730 domino
1007 686 1065 730 nec
1100 667 1201 730 ullum
1230 668 1352 730 malum

367 779 421 841 sui
441 794 536 840 casus
559 784 607 839 est
628 783 778 857 experta3
798 772 854 836 hec
874 772 1008 835 ecclesio
1031 773 1063 835 in
1086 773 1208 836 sanctis
1227 773 1354 856 anigelis

368 880 460 946 beate
477 878 623 963 persistit
645 887 675 942 et
696 896 755 941 sue
771 877 862 960 porti
878 878 1106 962 peregrinanti
1126 878 1210 941 sicut
1231 887 1354 961 oportet

368 984 555 1069 opitulatur,
578 981 654 1066 qnia
678 991 814 1065 utraque
837 999 901 1044 una
921 983 984 1044 erit
998 981 1173 1044 eternitatis
1190 982 1379 1047 consorcios

368 1100 399 1154 et
430 1105 518 1152 nunc
550 1106 616 1149 una
643 1095 691 1150 est
716 1085 843 1149 vinculo
865 1085 1019 1148 caritatis.
1054 1085 1113 1147 lste
1135 1100 1262 1149 sanctus
1286 1085 1353 1169 epi·

187 1208 321 1305 anguem
369 1212 485 1276 scopus
500 1189 642 1254 condidit
659 1187 786 1252 ecclesie
800 1187 941 1253 libellum
951 1209 1047 1274 quem
1063 1189 1188 1252 vocavit
1196 1190 1384 1259 Manualea

167 1261 350 1359 hihiirihh
368 1295 522 1360 adfinem
537 1295 625 1379 quod
641 1292 748 1356 fideles
763 1305 845 1356 recte
867 1292 1044 1376 intelligant
1066 1290 1162 1357 fidem
1179 1315 1281 1375 suam,
1299 1295 1352 1358 ubi

173 1363 344 1474 n‘t‘ithss'n
369 1399 476 1487 quoad
503 1398 644 1482 primum
666 1396 834 1460 articulum
863 1409 953 1460 notat
980 1397 1148 1482 quomodo
1171 1397 1353 1463 immediate

159 1466 353 1567 ihirh⁰ihhithds
369 1518 442 1590 post
453 1502 648 1568 eternitatem
658 1500 802 1565 trinitatis
811 1500 1024 1581 increate,hoc
1035 1516 1092 1582 est,
1102 1502 1134 1563 in
1145 1503 1255 1566 mundi
1266 1503 1351 1587 prin·
1365 1534 1396 1570 ιο

171 1575 347 1722 iiah'e'hp'fid
370 1608 453 1693 cipio
468 1620 575 1671 secuta
584 1619 633 1671 est
647 1618 753 1670 sanem
763 1619 861 1669 mater
870 1604 1000 1669 ecclesia
1009 1605 1042 1667 in
1058 1607 1170 1690 quasit
1182 1608 1353 1672 trinitatis*
1366 1621 1453 1694 ὡς*

207 1680 304 1736 ‘'nh’‘
369 1711 525 1777 habitacio
544 1726 575 1775 et
594 1730 736 1795 expresse
757 1710 835 1774 duas
861 1722 965 1795 partes
990 1709 1073 1774 illius
1094 1711 1200 1776 totalis
1224 1712 1382 1782 ecclesien

370 1816 487 1881 scilicet
502 1817 650 1880 celestem
659 1828 690 1879 et
699 1828 854 1878 terrenam
863 1829 1103 1879 commemorat.
1117 1816 1220 1897 Unde,
1229 1832 1264 1880 ut
1279 1838 1352 1900 spes

368 1934 476 1985 nostra
497 1920 531 1984 in
552 1921 612 1984 ista
633 1919 696 1983 fide
716 1918 868 1982 catholica
896 1918 1111 2000 confirmetur,
1135 1920 1297 1985 ordinatur
1319 1922 1352 1984 in

367 2045 490 2113 ympno
511 2023 639 2090 ecclesie
658 2024 746 2109 quod
766 2037 937 2109 postquam
952 2025 1040 2086 nulla
1055 2038 1162 2088 nostra
1177 2025 1210 2088 in
1226 2025 1352 2099 Christo
1366 2043 1396 2094 15

367 2130 487 2215 accepit
502 2129 640 2194 cesivam
655 2128 687 2192 in
703 2129 782 2208 celo,
801 2143 831 2191 et
850 2130 980 2210 angelus
996 2149 1167 2194 conservus
1182 2122 1354 2196 hominum

368 2234 529 2319 prohibuit
544 2255 577 2297 se
592 2234 714 2298 adorari
734 2234 919 2313 aJohanne,
935 2234 1147 2318 Apocalypsis
1163 2236 1352 2319 penultimo,

369 2353 405 2404 ut
427 2340 469 2404 sic
491 2352 621 2404 caveant
643 2337 751 2403 fideles
773 2337 1004 2423 peregrinantes
1027 2359 1046 2401 a
1068 2338 1218 2404 domino:

631 2443 822 2526 Triumphut
843 2443 900 2507 ille
921 2442 1090 2527 splendide

624 2547 666 2611 Et
688 2547 808 2632 dignus
829 2547 1041 2630 amplitudine

626 2651 694 2715 Soli
710 2652 843 2737 polique
858 2653 1004 2736 patriam

630 2756 735 2819 Unam
751 2754 840 2839 facit
861 2757 1104 2840 rempublicam,

368 2861 456 2946 quasi
472 2861 601 2925 diceret:
625 2860 732 2943 Caput
752 2860 879 2925 ecclesie
894 2860 1052 2944 Christus,
1074 2864 1159 2927 Deus
1182 2879 1289 2928 noster
1304 2880 1351 2930 est

368 2966 481 3049 dignus
509 2986 546 3028 ex
573 2965 687 3028 merito
709 2965 864 3049 passionis
887 2988 943 3030 sue
966 2967 1080 3030 habere
1102 2967 1259 3033 civitatem
1285 2984 1351 3033 tam

368 3070 517 3153 amplam,
554 3090 618 3154 que
651 3069 690 3133 sit
721 3068 827 3133 totalis
858 3069 988 3133 ecclesia
1021 3070 1101 3134 iacta
1143 3093 1180 3135 ex
1220 3075 1392 3139 ecclesiam

367 3174 523 3237 militante
545 3173 578 3235 in
602 3173 673 3236 solo
696 3187 727 3237 et
749 3172 966 3256 triumphante
989 3174 1022 3236 in
1045 3175 1132 3258 polo.

411 3277 567 3355 Quamvis
599 3277 684 3340 enim
712 3297 770 3361 pro
793 3277 920 3341 instanti
948 3298 1014 3361 quo
1038 3279 1137 3343 lactus
1160 3297 1206 3345 est
1227 3284 1387 3367 primusv

367 3382 466 3446 homo
489 3381 550 3446 luit
572 3383 625 3445 illa
648 3382 776 3445 ecclesia
800 3381 980 3462 constituta,
1004 3396 1108 3446 tamen
1134 3405 1219 3448 novo
1249 3391 1349 3451 modo

367 3502 440 3572 post
461 3486 680 3551 ascensionem
703 3485 762 3550 luit
784 3507 854 3570 pars
877 3486 944 3550 eius
968 3486 1096 3549 inferior
1118 3508 1212 3572 super
1226 3506 1348 3574 partem

368 3590 433 3654 eius
461 3591 657 3676 superiorem
678 3591 711 3653 in
734 3591 897 3654 celestibus
914 3591 1076 3655 collocata.
1101 3592 1225 3656 Partem
1240 3610 1392 3666 autem30

367 3696 433 3758 eius
466 3695 648 3758 inferiorem
684 3695 825 3778 intelligo
858 3708 959 3758 totam
995 3710 1139 3760 naturam
1174 3698 1349 3763 humanam

368 3821 430 3885 que
452 3800 629 3864 secundum
652 3813 775 3883 partem
790 3821 879 3863 suam
895 3820 958 3884 que
974 3815 1019 3864 est
1036 3800 1153 3865 Christi
1168 3802 1349 3869 humanitas

367 4002 556 4119 f4.lnco‹l‹l.s
570 4002 678 4061 perstitit.
757 4002 964 4060 thantiaereetes
979 4011 1063 4050 natura
1142 4007 1348 4065 27.htitetusest

377 4080 451 4119 anun

416 4249 453 4303 ¹9·
466 4236 489 4286 Α
503 4249 578 4286 verse
591 4199 660 4286 lront
674 4233 718 4286 the
730 4235 812 4301 hymn
827 4234 947 4288 “Chorus
965 4252 1050 4289 novae
1064 4237 1245 4291 Hierusalem·
1257 4240 1284 4291 in
1303 4240 1348 4293 the

368 4322 459 4372 Sarum
485 4320 615 4389 Breviary‚
638 4332 664 4373 at
683 4322 795 4393 Vespera
817 4337 852 4374 on
870 4322 977 4393 Sunday
996 4323 1061 4375 alter
1079 4323 1171 4378 Easter
1189 4327 1344 4399 (Matthewh
