3262 5226
205 515 273 561 ear».
288 495 362 588 nun]
525 560 530 570 .
571 518 618 570 nu
636 516 812 570 retrusus.

92 692 120 746 Ρ
138 687 235 762 r7o·et
256 678 312 759 qui
333 677 492 757 recipiunt
515 674 557 736 ab
579 694 618 738 eo
641 675 727 757 laici,
743 675 813 739 sive
825 685 924 757 pacto
938 679 1006 737 siue
1021 672 1185 756 beneficio,

205 782 307 844 eterni
339 778 483 842 incendii
515 779 646 863 ignibus
669 779 874 863 deputentur.
898 778 938 841 Et
960 777 1063 842 multo
1085 776 1185 859 magis

205 882 415 947 communitas
446 902 509 967 que
542 883 636 947 debet
658 902 724 946 esse
747 881 924 968 religiosior
945 896 976 946 et
997 897 1045 946 est
1066 880 1100 945 in
1124 880 1185 945 isto

204 1002 333 1073 peccato
355 987 545 1072 pertinacior
567 1002 597 1052 et
628 986 829 1051 antichristus
857 986 1056 1072 profundior,
1078 986 1184 1051 cuius·

180 1094 292 1165 smodi
309 1093 410 1156 forent
424 1090 574 1177 religiosi,
595 1091 734 1156 viventes
757 1092 946 1172 seculariter,
965 1091 1186 1156 distribuentes
1243 1118 1246 1122 ⁴

204 1197 289 1260 bona
311 1216 490 1281 pauperum
506 1195 691 1280 cognationi
709 1216 775 1278 sue,
791 1211 827 1260 ut
843 1195 895 1260 fiat
911 1196 1034 1259 mundo
1049 1194 1185 1276 inclitus,

203 1301 389 1366 militaribus
405 1315 499 1385 atque
519 1299 669 1384 iuridicis,
694 1315 727 1364 nt
750 1300 920 1365 defendant
939 1320 1015 1364 suos
1034 1299 1186 1381 redditus,

204 1421 235 1471 et
257 1406 359 1493 (quod
392 1404 472 1469 foret
503 1404 693 1489 pessimum)
722 1406 747 1469 si
777 1407 886 1470 darent
917 1403 1104 1488 cognationi
1128 1424 1186 1469 sue

205 1511 378 1575 carnalibus
405 1524 435 1574 et
461 1509 589 1573 famulis
622 1510 810 1574 inhabilibus
841 1507 1112 1595 presentationem
1144 1509 1184 1575 ad

165 1652 196 1688 10
206 1614 355 1680 benefitia
369 1613 575 1678 ecclesiastica
591 1614 704 1678 virtute
719 1614 794 1679 iuris
810 1629 1002 1699 patronatus.
1020 1615 1061 1679 Et
1075 1613 1186 1679 omnia

206 1722 265 1785 ista
288 1719 391 1784 innuit
412 1720 522 1783 beatus
546 1718 725 1803 Gregorius.

171 1848 199 1913 Q
249 1825 379 1889 Tertius
409 1826 525 1909 gradus
548 1824 696 1888 clericalis
717 1824 835 1889 heresis
857 1837 913 1906 est,
936 1843 1010 1887 cum
1039 1825 1185 1889 sacerdos
1207 1825 1330 1874 ΗΜ·
1344 1839 1385 1874 re·

1239 1880 1304 1927 celse
1316 1880 1356 1926 the

204 1943 338 2014 occupat
352 1943 470 1993 statum
485 1943 516 1993 et
531 1930 617 1992 bona
632 1929 760 1994 ecclesie
772 1929 840 1995 sine
855 1929 915 1993 hot
931 1931 1018 2016 quod
1034 1930 1185 2014 rependat
1194 1932 1406 2044 ‘gipfflw

204 2035 347 2099 debitum
378 2033 589 2098 ministerium
612 2034 652 2097 ad
674 2035 762 2119 quod
785 2049 927 2120 pretextu
959 2033 1133 2099 elemosine
1154 2049 1185 2099 et
1232 2038 1367 2136 mm&

166 2138 432 2225 ‚succeptacionis
455 2138 631 2223 solempnis
654 2138 748 2203 offitii
773 2139 945 2224 obligatur;
985 2138 1055 2202 talis
1077 2153 1185 2204 autem

136 2245 339 2338 ,70sut'l‘sic
364 2242 659 2308 excommunicatur
690 2266 709 2307 a
740 2243 885 2326 domino,
920 2242 994 2329 quia
1027 2243 1053 2306 si
1085 2242 1210 2307 laicus-

204 2348 496 2413 excommunitatur
526 2350 566 2412 ab
593 2348 735 2431 homine,
758 2371 796 2414 eo
819 2350 908 2435 quod
929 2348 1045 2412 iniuste
1066 2347 1186 2413 detinet

205 2455 342 2519 decimas
364 2454 413 2518 vel
435 2454 626 2520 elemosinas
649 2455 767 2520 debitas
792 2454 955 2536 sacerdoti,
982 2455 1086 2517 multo
1113 2454 1186 2538 plus

206 2559 349 2623 sacerdos
376 2560 709 2624 excommunicatura
731 2559 865 2624 domino
888 2558 942 2643 qni
966 2557 1081 2623 iniuste
1112 2572 1187 2643 post

165 2703 196 2739 20
206 2664 357 2728 maiorem
388 2664 622 2749 obligationem
647 2665 765 2728 detinet
792 2662 966 2748 spirituales
997 2662 1186 2727 elemosinas

205 2769 415 2834 subditorum.
444 2769 621 2855 Obligacio,
652 2769 794 2852 inquam,
817 2783 862 2832 est
885 2767 995 2851 maior,
1022 2788 1098 2832 cum
1120 2787 1187 2831 non

205 2874 276 2938 licet
299 2873 357 2937 sibi
380 2874 570 2938 elemosinas
593 2870 769 2957 spirituales
791 2872 971 2937 subtrahere
994 2871 1096 2937 eciam
1111 2873 1185 2935 sub·

205 2979 273 3043 dito
310 2979 514 3043 subtrahente
544 2975 731 3041 elemosinas
765 2977 953 3062 corporales.
999 2976 1186 3041 Sacerdotes

206 3084 292 3147 enim
328 3083 445 3148 Christi
484 3082 600 3146 debent
637 3080 818 3146 benefacere
857 3081 1119 3166 persequentibus
1155 3095 1188 3146 et

166 3188 334 3272 „diligere
361 3186 518 3267 inimicos,
541 3199 573 3250 et
595 3185 709 3249 iterum
731 3186 906 3251 subtractio
932 3184 1102 3271 spiritualis
1124 3185 1186 3249 ele·

208 3293 330 3356 mosine
367 3304 414 3355 est
448 3289 666 3375 periculosior,
711 3312 786 3355 tum
822 3291 960 3356 minatur
1000 3305 1188 3376 perpetuam

156 3394 160 3403 '
207 3396 421 3484 perdicionem
452 3394 595 3478 corporis
633 3409 664 3460 et
696 3396 811 3481 anime,
850 3397 905 3460 sed
940 3410 1090 3460 neutmm
1121 3411 1188 3461 tam

207 3502 367 3567 evidenter
381 3498 558 3563 subtractio
575 3500 746 3565 elemosine
759 3500 939 3586 corporalis.
952 3501 1045 3566 Unde
1054 3499 1188 3566 Jerenrie

208 3606 364 3689 xuvuu,
385 3625 422 3669 ro
436 3603 567 3670 dicitur:
584 3604 779 3672 Maledictus
794 3608 851 3692 qui
862 3606 953 3692 jacit
968 3625 1051 3689 opus
1065 3604 1189 3670 domini

164 3732 198 3786 30
197 3711 457 3800 fraudulenter,
488 3724 519 3774 et
551 3712 655 3777 multo
691 3712 789 3796 magis
825 3726 872 3777 est
911 3710 1096 3775 maledictus
1131 3710 1188 3795 qui

208 3815 318 3900 recipit
341 3837 422 3880 onus
450 3817 585 3880 ducatus
607 3816 709 3899 gregis
726 3816 893 3898 dominici,
921 3837 1018 3902 quem
1039 3816 1090 3879 vel
1112 3836 1186 3900 pro·

208 3921 319 3986 ditorie
340 3920 427 3985 ducit
450 3921 482 3985 in
505 3920 722 4005 precipicium,
745 3921 795 3984 vel
818 3919 1030 3984 fraudulenter
1051 3919 1187 3985 omnino

139 4036 142 4042 '
207 4024 361 4090 subtrahit
392 4025 614 4108 ministerium,
637 4026 677 4090 de
708 4046 774 4111 quo
797 4025 918 4090 dictum
940 4038 986 4089 est
1007 4024 1089 4089 libro
1116 4025 1187 4108 vu,

247 4330 263 4364 r.
278 4318 304 4363 ln
319 4315 405 4362 decret.
419 4317 494 4372 leges:
508 4318 558 4363 sive
571 4317 652 4377 precia
666 4319 715 4365 sire
728 4315 850 4364 beneficio.
952 4331 975 4372 φ
991 4317 1067 4375 Mu
1081 4314 1186 4376 pertim-
1216 4326 1228 4335 ·

206 4385 387 4432 tior-virente
399 4386 474 4432 deest·
546 4384 603 4433 bah
612 4385 835 4447 &particulariter
844 4383 1017 4431 distribuentes.
1087 4384 1185 4433 12.st

206 4457 230 4503 ln
244 4467 332 4514 marg-s
345 4453 447 4504 Tascius
459 4455 567 4515 aneu·
