3262 5226
712 488 883 543 sommus
899 486 1046 541 wreus.
1228 459 1360 555 [canet

378 650 491 716 Mattlu
502 650 629 732 xxtv0,
641 649 670 714 5:
686 646 786 711 Multi
795 645 922 710 venient
935 643 970 706 in
985 644 1113 706 nomine
1123 659 1207 718 meo,
1218 640 1357 704 dicentes
1373 661 1430 726 ¹47·
1447 656 1471 710 'r

380 757 458 842 quio
472 773 534 841 ego
556 773 627 819 sum
646 752 805 832 Christus,
822 758 854 814 et
865 749 984 813 multos
997 747 1160 813 seducent.
1184 746 1258 810 Non
1274 743 1360 808 enim

378 880 451 926 reor
470 859 611 945 aliquem
632 856 835 922 christianum
857 853 908 918 vel
929 850 1237 938 pseudoapostolum
1258 849 1360 914 dicere

381 965 469 1051 quud
490 962 560 1048 ipse
571 976 618 1027 est
632 960 777 1027 Christus
791 958 1007 1045 personaliter,
1022 958 1079 1022 sed
1093 952 1360 1020 sacramentaliter

379 1089 436 1154 per
452 1067 748 1152 incorporationem
769 1065 804 1129 in
819 1084 935 1149 corpus
952 1060 1069 1128 Christi
1091 1059 1267 1142 misticum;
1285 1073 1382 1127 nami

379 1172 592 1258 Ephesiorum
600 1172 653 1252 V0,
665 1189 716 1257 27,
726 1169 884 1235 scribitur:
896 1168 979 1232 Dico
994 1177 1101 1232 orclem
1117 1174 1357 1231 sacramentum

379 1298 532 1363 magnum
556 1278 590 1341 in
614 1270 745 1341 Christo
767 1283 799 1340 et
819 1274 968 1338 ecclesia.
991 1272 1047 1336 llla
1069 1286 1177 1335 autem
1198 1269 1357 1355 protensio

378 1383 485 1445 solum
500 1379 712 1465 nuncupative
726 1379 748 1426 *
762 1377 1043 1444 ecclesiasticorum
1057 1375 1179 1440 seducit
1192 1372 1357 1461 plurimos,
1370 1385 1431 1458 ¹⁴7¹

191 1502 334 1565 ostentm
421 1486 566 1570 Septimo
589 1500 620 1549 et
642 1485 757 1549 ultimo
779 1482 918 1568 arguitur
945 1496 1055 1548 contra
1082 1481 1164 1545 dicta
1186 1482 1225 1544 de
1254 1480 1393 1565 graciav

157 1555 321 1670 efficientiis}
329 1555 654 1676 ‘ltpreaesmacionis
675 1610 738 1674 que
767 1602 813 1653 est
834 1588 1001 1652 insolubile
1025 1585 1234 1672 ligamentum
1255 1606 1356 1650 mem·
1368 1611 1400 1650 ro

165 1660 361 1717 'mmm'
378 1696 509 1760 brorum
545 1694 681 1759 ecclesie.
734 1692 853 1757 Mirum
899 1711 1037 1776 namque
1078 1691 1219 1756 videtur.
1248 1690 1357 1756 multis

378 1800 547 1885 quomodo
558 1798 686 1884 aliquod
700 1797 844 1862 accidens
859 1795 1043 1860 absolutum
1058 1817 1123 1859 non
1137 1809 1244 1881 potest
1258 1798 1357 1881 perdi,

377 1905 546 1990 quomodo
569 1903 675 1987 ipsum
697 1915 759 1967 stat
780 1921 855 1965 cum
876 1899 1013 1983 mortali,
1036 1914 1068 1965 et
1098 1901 1266 1986 quomodo
1287 1900 1357 1985 ipsa

376 2029 502 2091 semper
515 2005 671 2072 rectificat
692 2026 803 2070 verum
832 2002 1023 2085 dominium,
1050 2004 1094 2068 sic
1125 2006 1216 2090 quod
1245 2026 1356 2071 verum

376 2110 560 2176 dominium
589 2126 648 2178 stet
668 2131 744 2176 cum
774 2109 900 2175 mortali
929 2108 1010 2174 sicut
1032 2123 1092 2174 stat
1114 2129 1189 2173 cum
1220 2111 1396 2195 prescit015

375 2216 416 2280 ad
438 2230 567 2300 tempus
587 2215 780 2281 iustificacio.

206 2336 321 2400 nae-ers
420 2318 481 2384 Hic
513 2318 626 2384 dicitur
659 2319 747 2406 quod
777 2318 960 2404 quicunque
993 2318 1134 2403 posuerit
1161 2319 1355 2385 sentenciam

168 2388 347 2515 letatus
373 2420 514 2489 noctura
535 2422 684 2509 profundi
706 2423 739 2488 ra
755 2422 922 2489 cerretano
937 2419 1047 2487 xxm¹
1062 2443 1141 2508 cap,
1157 2423 1228 2519 usn
1250 2423 1355 2509 pomi,

156 2493 492 2594 ⁴¹⁸llo⁶0ii⁰⁸⁸scilieet
515 2530 603 2613 quod
625 2528 710 2594 Deus
731 2549 800 2592 non
822 2542 928 2613 potest
950 2528 1124 2614 quicquam
1146 2529 1270 2594 noviter
1284 2529 1352 2592 dili·

164 2596 352 2695 'milii
375 2652 447 2718 gere
468 2633 520 2696 vel
542 2632 629 2696 odire
650 2654 708 2698 nec
730 2632 868 2698 vicissim
894 2631 1014 2718 aliquid
1046 2633 1133 2698 odire
1155 2634 1205 2698 vel
1227 2632 1397 2718 diligerem

210 2700 311 2748 Νι
374 2739 448 2824 plus
469 2740 519 2823 vel
542 2739 656 2802 minus.
680 2738 884 2824 Quicunque,
906 2737 1049 2823 inquam,
1073 2738 1152 2802 illud
1166 2739 1356 2804 concesserit

374 2842 469 2907 habet
504 2863 622 2927 ponere
659 2842 798 2928 graciam
834 2841 1115 2928 predestinationis
1151 2845 1193 2908 ad
1225 2864 1354 2907 sensum

376 2945 568 3030 expositum

418 3050 512 3115 Unde
535 3072 599 3115 noa
621 3051 715 3115 credo
746 3071 941 3135 quemquam
968 3073 1061 3136 posse
1100 3051 1261 3117 falsificare
1292 3052 1353 3118 hoc

374 3154 627 3237 fundamentum,
649 3155 725 3240 quia
747 3153 877 3219 indubie
899 3155 925 3218 si
948 3172 994 3220 est
1023 3154 1207 3223 lalsumcst
1229 3180 1353 3223 summe
1364 3163 1394 3217 ²5

373 3257 556 3324 hereticum.
582 3261 663 3325 Nam
685 3260 760 3324 dato
783 3259 871 3345 quod
902 3259 988 3323 Deus
1015 3279 1213 3346 quemquam
1243 3265 1353 3348 prede·

373 3363 520 3446 stinavit,
543 3365 622 3430 sicut
652 3378 778 3449 oportet
813 3385 850 3428 ex
887 3363 949 3428 fide
994 3365 1144 3450 scripture
1182 3369 1354 3432 concedere

373 3469 466 3532 Rom.
496 3470 590 3551 vt110,
620 3469 671 3550 30,
698 3471 737 3533 de
770 3469 967 3554 quadruplici
990 3473 1089 3554 gradu
1116 3470 1355 3537 assimilacionis

374 3573 590 3647 membrorum
600 3573 738 3656 ecclesie,
749 3573 865 3639 scilicet
875 3577 1058 3659 vocacione,
1062 3577 1353 3662 predestinacione,
1383 3615 1386 3619 ·

411 3758 660 3806 r.a21ttatth.xxtv
679 3760 744 3806 deest
767 3769 789 3808 et
803 3760 856 3805 bob.
878 3763 995 3807 lacunam.
1149 3764 1171 3808 6.
1196 3767 1231 3808 Ar
1244 3765 1265 3807 V
1283 3764 1355 3810 deest.

372 3826 395 3873 8.
408 3833 439 3886 A,
448 3829 517 3875 false:
532 3830 741 3876 ecclesiastieorum
755 3837 964 3878 memmentomm
1096 3846 1119 3893 9.
1128 3837 1151 3880 Α
1165 3834 1190 3880 ln
1205 3847 1289 3892 marga
1303 3833 1355 3879 vlt.

373 3899 486 3944 obtectio·
617 3910 647 3943 ra.
666 3899 683 3943 Β
705 3900 729 3944 la
744 3912 819 3957 marg.
840 3891 903 3946 men‘.
918 3902 966 3946 alt:
981 3900 1067 3947 Gracia
1081 3903 1294 3962 predestinacionls
1307 3915 1355 3950 noo

372 3975 449 4023 potest
462 3968 537 4025 perdl.
553 3967 602 4014 Stat
615 3980 669 4014 cum
683 3970 784 4016 nomn.
891 3968 922 4016 1³.
937 3970 969 4015 Br
984 3971 1035 4027 lpse
1049 3985 1109 4028 nont
1123 3975 1154 4031 Α,
1170 3974 1253 4020 babet:
1268 3974 1356 4032 ipsam.

372 4034 418 4082 Sed
439 4036 523 4082 rectius
543 4040 579 4083 Αι
598 4038 649 4094 lpse
662 4038 722 4095 (scil.
736 4039 832 4096 gracia).
898 4039 932 4086 1⁶.
945 4041 977 4097 A,
991 4041 1022 4086 Bt
1036 4042 1168 4091 iustificate.
1254 4056 1285 4101 ¹7·
1299 4043 1355 4090 Ain

373 4117 458 4163 merga
472 4104 612 4166 Responsio,
628 4116 705 4154 atrum
720 4108 892 4167 predestloeclo
901 4116 947 4155 stet
957 4110 1074 4158 loeodem
1087 4125 1142 4159 caru
1150 4114 1250 4160 mannil
1264 4114 1356 4170 (Abora

372 4176 424 4233 ¹⁴7⁴
447 4174 545 4222 vineat
558 4177 623 4223 mark
642 4177 670 4224 ol
689 4177 827 4234 reference.)
919 4177 951 4225 rt.
966 4180 992 4227 lo
1007 4181 1086 4228 codar
1101 4181 1203 4241 mlh
1216 4184 1270 4230 vide
1283 4196 1357 4243 snpra

371 4256 425 4302 pec.
441 4256 480 4303 7⁹·
559 4246 668 4302 acala
683 4259 772 4306 margo
786 4247 821 4294 De
834 4247 1047 4307 predestinacione.
1358 4270 1361 4278 ·

418 4402 456 4457 18.
473 4419 511 4460 sc.
529 4406 706 4462 Bredwerdiul
723 4361 749 4465 ν.
761 4425 840 4481 supra
856 4423 917 4479 pag.
936 4425 979 4481 79.
