3262 5226
524 343 695 398 Jousuurs
713 341 861 396 wrcen.
1019 318 1102 412 [crta.
1116 335 1178 383 ιιι.

201 498 342 585 sequitur
363 500 522 567 evidenter
542 453 729 586 oppositum
744 513 872 584 propter
893 497 1051 562 fallaciam
1065 518 1176 562 secun·
1194 513 1254 585 196⁸
1266 516 1292 570 A

129 605 278 667 scandum
298 603 386 688 quid,
408 620 441 671 et
462 604 645 692 simpliciter
660 605 784 669 videtur
806 604 894 689 quod
916 623 984 666 non
1006 617 1054 667 est
1074 601 1177 688 possi·

129 671 161 769 ii
199 707 261 773 bile
282 724 456 775 creaturam
487 710 585 776 lacere
618 709 793 796 quiequam
823 708 948 772 bouum
969 687 1019 771 vel
1045 708 1217 789 malum,¹
1220 789 1222 793 ,

152 824 231 878 et
254 835 309 900 per
329 835 538 901 consequens,
572 815 680 879 nullus
712 810 864 877 domiuus
886 811 1071 896 temporalis
1092 811 1179 877 dedit

200 919 326 983 ecclesie
347 918 528 984 dominium
550 918 736 1003 temporale,
758 932 790 982 et
811 938 868 1003 per
887 918 974 982 idem
996 937 1062 981 non
1084 917 1203 987 habets

199 1023 333 1108 quodvis
348 1022 539 1106 dominium,
561 1023 637 1109 quia
651 1024 759 1088 solum
774 1023 899 1088 daretur
914 1021 985 1105 sibi,
1001 1037 1037 1087 ut
1051 1022 1179 1086 haberet
1203 1017 1207 1021 ’
1239 1019 1249 1034 ”

200 1127 277 1192 illud
291 1129 468 1192 secundum
479 1129 567 1213 quid.
583 1128 651 1192 Nec
666 1128 748 1192 valet
762 1125 880 1211 fingere
893 1127 982 1211 quod
998 1125 1057 1191 iste
1072 1125 1178 1192 termi-

199 1252 258 1297 nus
289 1232 471 1318 simpliciter
492 1233 586 1297 habet
608 1253 742 1298 sensum
762 1231 952 1317 predictum,
983 1231 1038 1294 ubi
1066 1232 1179 1295 doctor

199 1337 385 1419 limitaverit,
400 1352 432 1403 et
446 1337 520 1402 alibi
533 1338 629 1403 habet
641 1358 770 1403 sensum
786 1334 894 1418 alium,
904 1335 1054 1421 quianon
1064 1335 1180 1399 valeret

201 1441 391 1528 significacio
406 1442 568 1509 huismodi
583 1443 692 1508 solum
707 1440 876 1506 fundabilis
892 1462 929 1506 ex
945 1440 1252 1528 tali*auctore.196·

129 1561 167 1607 ιοιι
241 1547 329 1630 Item,
362 1547 448 1613 iuxta
481 1547 576 1613 fidem
604 1548 758 1632 scripture
780 1560 853 1610 ante
874 1545 1088 1611 ascensionem
1121 1543 1210 1616 suita
1226 1562 1254 1616 Β

129 1616 309 1764 'pii'verum‘
339 1654 428 1739 quod
458 1652 615 1718 auferetur
641 1654 682 1717 ab
704 1650 859 1737 apostolis
882 1651 1028 1715 Christus
1055 1649 1111 1735 qui
1134 1665 1181 1715 est

147 1733 182 1768 ‘¹
199 1777 334 1840 sponsus
349 1757 478 1822 ecclesie
494 1757 544 1844 (ut
559 1773 647 1842 patet
656 1757 753 1823 Marci
769 1758 812 1821 ΙΙο
813 1754 905 1843 ,2ο),
921 1777 960 1820 ex
970 1775 1037 1840 quo
1053 1770 1180 1840 oportet

201 1876 428 1948 consequenter
464 1864 634 1928 concedere
673 1863 761 1949 quod
800 1863 885 1926 Deus
927 1874 1017 1946 pater
1051 1859 1180 1924 abstulit

199 1965 379 2051 simpliciter
401 1968 441 2030 ab
463 1966 614 2052 apostolis
629 1966 795 2032 Christum
817 1987 923 2049 suum,
946 1964 1020 2052 quia
1042 1963 1224 2036 auctori-15

199 2084 260 2134 tate
292 2071 428 2155 propria.
467 2072 565 2149 Quod
595 2070 720 2136 uidetur
757 2069 852 2134 nimis
878 2085 1073 2152 extraneum,
1104 2089 1179 2132 cum

199 2174 305 2237 solum
335 2175 375 2238 ad
410 2189 537 2260 tempus
569 2176 699 2241 abstulit
735 2175 780 2240 eis
811 2167 975 2240 Christum
1005 2190 1037 2240 et
1073 2174 1180 2239 solum

199 2280 372 2343 secundum
396 2279 625 2344 humanitatem
649 2282 699 2345 vel
727 2293 832 2366 partes
854 2280 933 2362 eius,
967 2300 1041 2344 cum
1064 2279 1181 2344 mansit

198 2403 271 2446 cum
293 2383 446 2468 apostolis
473 2400 626 2469 perpetuo
651 2405 717 2449 non
745 2385 868 2449 ablatus
901 2386 1076 2450 secundum
1099 2384 1178 2447 divi·

199 2487 327 2553 nitatem
348 2509 411 2574 que
432 2503 479 2553 est
501 2504 567 2553 tota
585 2489 795 2574 personalitas
815 2506 887 2571 sua;
909 2488 981 2553 ideo
1001 2489 1224 2558 secuudum20
1262 2491 1269 2506 '

201 2593 315 2656 modos
350 2593 502 2678 loquendi
539 2594 809 2678 philosophorum
846 2593 915 2657 tulis
946 2591 1027 2657 loret
1057 2594 1179 2659 ablacio

198 2698 370 2761 secundum
401 2698 488 2783 quid,
520 2698 592 2763 licet
616 2697 675 2763 tuit
697 2718 769 2762 vera
791 2697 922 2762 ublacio.
963 2697 1089 2779 ltem,
1082 2711 1211 2780 mutua

145 2801 289 2865 mistam
306 2801 554 2887 descripcionem
571 2822 630 2866 nec
645 2802 746 2867 homo
761 2823 820 2866 nec
835 2801 921 2866 Deus
935 2817 1045 2888 posset
1059 2803 1180 2867 aulerre

129 2870 168 2924 ne

129 2905 377 3025 ιιιιοιίιιιριῐείιει
399 2908 530 2992 aliquod
560 2908 685 2971 bonum
716 2908 756 2972 ab
787 2908 936 2989 homine3
967 2907 1069 2971 homo
1102 2928 1180 2990 non,

130 2976 184 3072 “ils
200 3011 273 3096 quia
295 3027 369 3075 tunc
398 3013 583 3076 auctoritate
610 3013 739 3097 propria
762 3027 794 3077 et
825 3035 890 3077 uon
913 3013 1099 3078 auctoritate
1122 3013 1180 3075 Det
1191 3027 1223 3082 25

129 3092 172 3127 ¹⁸⁰
197 3118 240 3179 sic
262 3115 383 3199 laceret,
406 3118 494 3202 quod
517 3137 584 3180 esse
607 3138 674 3179 uon
697 3131 814 3201 potest,
841 3116 922 3181 sicut
950 3139 1046 3181 nemo
1075 3132 1181 3203 potest

197 3223 310 3285 habere
332 3223 552 3287 auctoritatem
582 3222 623 3285 ad
650 3222 857 3306 peccandum
896 3224 983 3287 Deus
1015 3236 1125 3287 eutem
1155 3223 1180 3285 si

199 3326 330 3390 auferret
346 3328 384 3390 ab
402 3327 531 3389 homine
547 3326 657 3390 omnia
673 3327 758 3389 bona
772 3347 840 3408 sua,
859 3341 934 3391 tunc
950 3328 1003 3390 illa
1017 3327 1181 3391 ablacioue

198 3431 399 3494 annichilaret
424 3431 620 3512 ablatarium,
654 3431 729 3517 quia
751 3448 933 3497 remanente
957 3454 996 3495 eo
1020 3446 1180 3517 oporteret

198 3555 354 3599 remanere
370 3535 499 3620 aliquod
514 3537 639 3613 bouum
661 3557 767 3601 suum.
792 3538 970 3614 Quomodo
994 3557 1069 3621 ergo
1085 3537 1178 3600 boni·
1190 3555 1224 3606 30

198 3653 293 3703 tatem
315 3640 517 3702 esseucialem
538 3655 647 3724 posset
671 3641 757 3704 Deus
786 3639 906 3706 auferre
933 3663 952 3703 a
982 3637 1087 3706 bono?
1121 3644 1180 3705 Per

197 3745 284 3820 illum
306 3745 392 3809 Deus
415 3765 490 3828 ergo
513 3766 579 3807 non
603 3759 712 3829 posset
735 3743 857 3808 aulerre
880 3746 964 3809 bona
986 3747 1025 3808 ub
1048 3747 1180 3811 ecclesia

236 4003 258 4046 6.
273 4001 303 4044 Βι
317 4001 352 4046 rel
368 4002 470 4047 liaberet.
555 4013 578 4059 9.
593 4013 627 4047 ιο.
646 4001 676 4047 B:
690 4002 778 4047 valeret
794 4000 908 4058 algnselo.
993 4012 1025 4046 ιο.
1044 4001 1079 4046 As
1098 4014 1127 4046 es
1140 4001 1181 4047 tall

198 4082 226 4113 es
239 4076 347 4120 suctores
361 4071 396 4115 As
411 4083 438 4115 ex
452 4071 491 4115 tall
505 4078 621 4118 masters.
714 4084 741 4117 ιι
761 4073 784 4116 Α
799 4071 821 4117 lu
837 4083 910 4128 marg.
917 4084 924 4114 s
939 4070 974 4115 De
987 4070 1109 4116 ablacioue
1122 4079 1181 4116 tem·

198 4139 312 4195 petatium
327 4138 416 4192 (Belou
430 4141 483 4197 196ι
496 4141 594 4186 without
609 4143 675 4188 marl
690 4139 1038 4195 ussermannus
1053 4140 1077 4186 la
1091 4151 1179 4196 margo

199 4207 233 4252 ue
246 4206 283 4252 llls
297 4207 405 4254 diceione
418 4210 556 4268 simpliciter
569 4211 694 4267 quomodo
708 4211 778 4255 debet
792 4210 888 4266 intelllgi
910 4210 1002 4264 (Abovs
1017 4210 1069 4264 196·
1082 4210 1181 4254 without

199 4277 263 4322 marl
276 4277 303 4323 ol
313 4278 447 4335 relereaee)
552 4291 585 4340 ι9.
600 4291 636 4328 so.
652 4280 686 4326 lte
701 4281 832 4325 secuudum
845 4280 963 4327 deitatem.
1048 4326 1051 4331 ,
1098 4317 1100 4321 ,

1420 887 1424 1015 ι
