3262 5226
105 80 1029 128 &ww-&Quamne
1033 85 1319 129 widh-«mv.
1330 118 1350 130 2
1357 118 1371 132 ,

194 163 200 177 Ι
1272 166 1277 175 ι

491 669 661 724 sonamus
679 669 828 724 waccar.
923 649 1049 752 [ω
1064 665 1148 714 xxm

113 844 141 891 ot
202 827 274 890 Non
298 844 375 908 ergo
390 829 547 911 sequitur:
565 826 707 890 Ecclesia
723 847 787 890 non
804 826 944 890 decrevit
961 827 1016 890 tali
1032 842 1146 892 curato
1159 846 1221 898 20⁶·
1233 845 1261 898 p

105 897 321 996 iffsslicenciam
345 929 542 1014 indulgendi,
566 950 644 1014 ergo
660 951 725 993 non
749 930 846 994 habet
868 931 1045 1014 licenciam,
1070 932 1146 1016 quia

105 1015 232 1097 ce”tnnc
257 1055 425 1120 nunquam
447 1034 620 1119 incepisset
642 1035 777 1098 ecclesia
800 1035 918 1100 babere
934 1036 1032 1099 talem
1048 1036 1146 1101 licen·

158 1138 255 1220 ciam;
283 1139 430 1203 similiter
459 1139 597 1224 quilibet
619 1140 742 1203 habens
770 1140 936 1204 licenciam
959 1140 1145 1204 absolvendi

157 1242 253 1306 babet
270 1242 440 1307 'licenciam
463 1244 685 1308 commutandi
709 1265 825 1328 penam
850 1245 1062 1330 temporalem
1086 1264 1146 1327 pro
1159 1264 1173 1317 5

156 1366 237 1430 pena
254 1361 408 1430 perpetua
431 1368 529 1434 quam
554 1347 712 1414 confitens
729 1349 821 1413 aliter
841 1362 1064 1435 supportaret,
1089 1350 1144 1413 sed

157 1471 230 1514 cum
253 1452 316 1516 hoc
337 1452 379 1518 sit
394 1453 572 1536 indulgere,
588 1453 719 1519 videtur
734 1453 824 1539 quod
840 1455 979 1538 quilibet
994 1454 1146 1518 sacerdos

158 1556 254 1619 habet
270 1553 430 1620 infinitam
446 1557 630 1640 potenciam
647 1557 847 1640 indulgendi.
865 1559 939 1622 Non
957 1556 1044 1621 enirn
1058 1557 1147 1642 vide·v

158 1672 209 1724 tur
242 1655 328 1724 racio
358 1661 436 1745 quin
471 1661 503 1724 in
532 1659 604 1724 loro
636 1661 818 1745 penitencie
841 1662 1033 1727 abscondito
1063 1661 1147 1724 fiunt

157 1766 369 1850 indulgencie,
401 1765 486 1829 sicut
519 1762 603 1830 fiunt
637 1781 727 1830 extra
762 1766 794 1829 in
827 1764 900 1830 loro
928 1766 1052 1831 arbitrii
1088 1787 1191 1851 petto

158 1872 258 1934 bullas
281 1871 409 1956 publice
432 1871 637 1954 proclamare.
656 1872 723 1935 Nec
740 1884 788 1935 est
804 1872 890 1934 racio
914 1872 993 1956 quin
1017 1874 1146 1935 tantum

156 1977 291 2057 valeant,
307 1995 379 2039 curn
396 1973 478 2039 fiunt
500 1975 665 2061 utrimque
681 1975 844 2057 devocius,
862 1975 1016 2041 humilius
1033 1991 1064 2041 ct
1080 1977 1144 2059 legi

158 2080 277 2145 Christi
301 2079 516 2162 conformium
549 2080 720 2144 absolvens
753 2100 830 2163 ergo
862 2095 971 2164 preest
1003 2081 1146 2161 ecclesie,

157 2201 188 2249 et
210 2185 249 2248 ad
273 2184 443 2248 utilitatem
465 2184 596 2247 ecclesie
612 2184 751 2249 intendit
767 2182 940 2249 efficaciter
954 2184 1043 2268 quod
1061 2197 1146 2248 certa

157 2309 293 2373 persona
314 2289 430 2352 habeat
454 2276 676 2353 remissionem
693 2289 825 2371 grandis
852 2289 952 2352 debiti
971 2308 1031 2373 pro
1047 2309 1146 2373 parva
1161 2306 1190 2359 15

156 2392 384 2459 satisfaccione.
415 2394 467 2458 Sic
489 2395 575 2457 enim
603 2407 711 2478 potest
744 2394 910 2478 diaconus,
943 2394 993 2457 vel
1021 2394 1147 2477 legatus

160 2616 318 2687 potestate
343 2603 466 2666 ordinis
489 2602 627 2667 subditis
651 2601 829 2686 indulgere.

105 2736 150 2822 pay
202 2709 243 2774 Et
266 2708 394 2772 existis
418 2707 518 2771 tercio
542 2707 670 2771 videtur
693 2707 783 2791 quod
805 2706 943 2792 quilibet
965 2707 1005 2769 de
1023 2709 1185 2791 populoQ

105 2828 265 2898 n·potest
287 2813 453 2895 indulgere
476 2831 537 2876 suo
564 2811 701 2896 prelato,
730 2812 806 2896 quia
834 2812 943 2875 debita
966 2811 1192 2895 largissimam

159 2919 218 2982 sibi
242 2918 414 2999 dimittere,
437 2934 469 2982 et
494 2917 555 2980 hoc
578 2933 626 2981 est
642 2916 822 2980 secundum
839 2916 974 2979 modum
990 2916 1146 3001 loquendi

159 3028 313 3106 scripture
330 3023 505 3104 indulgere.
524 3023 606 3086 Nam
624 3022 708 3086 sicut
724 3021 891 3106 apostolus
913 3021 991 3084 dicit
1008 3022 1104 3086 Rom.
1124 3023 1146 3106 l,

164 3149 211 3210 14,
240 3128 327 3212 quod
357 3125 468 3190 Grecis
491 3127 543 3190 vel
566 3126 691 3189 Latinis
713 3136 761 3189 est
783 3125 916 3207 debitor,
945 3126 988 3188 ita
1017 3125 1147 3190 videtur

159 3234 245 3315 quod
279 3232 430 3295 dominus
465 3250 546 3314 papa
570 3231 611 3294 sit
640 3230 768 3292 debitor
799 3230 838 3291 ad
871 3230 1079 3294 serviendum
1115 3247 1148 3295 ct

161 3338 370 3423 spiritualiter
395 3333 630 3419 proficiendum
653 3334 785 3397 cuilibet
801 3334 988 3418 christiano,
1011 3350 1043 3398 et
1067 3337 1145 3399 illud
1159 3351 1189 3402 25

160 3445 304 3507 debitum
329 3442 456 3504 videtur
479 3460 518 3502 eo
543 3440 645 3501 maius
669 3440 758 3523 quod
783 3440 869 3502 Deus
892 3441 931 3501 ad
949 3440 1010 3503 hoc
1025 3441 1149 3525 obligat

160 3550 219 3612 sub
251 3569 332 3632 pena
361 3546 561 3628 gravissima,
597 3557 629 3607 et
663 3544 742 3607 illud
777 3545 865 3628 qnod
900 3544 1037 3608 debetur
1065 3545 1148 3610 ioret

159 3652 334 3737 preciosius
358 3652 468 3714 debito
491 3649 661 3732 corporali.
709 3648 741 3711 Si
767 3648 864 3730 igitur
893 3650 944 3711 ille
974 3665 1083 3733 potest
1115 3652 1146 3714 in

160 3758 269 3819 debito
292 3756 354 3818 isto
374 3753 520 3833 deficere,
536 3767 568 3815 ct
585 3752 736 3816 Christus
754 3753 846 3816 docet
864 3754 998 3816 Matthei
1017 3754 1070 3833 vt,
1091 3771 1146 3833 12:

162 3861 292 3923 Dimitte
318 3859 407 3922 nobis
433 3858 538 3921 debita
562 3867 686 3933 nostra,
708 3856 791 3920 sicut
812 3866 843 3919 et
871 3877 929 3920 rios
957 3857 1147 3923 dimittimus
1158 3872 1191 3924 30

159 3965 353 4030 debitoribus
369 3963 498 4039 nostris,
516 3963 645 4025 videtur
661 3962 749 4046 quod
761 3963 881 4024 subditi
898 3977 1034 4044 possunt
1046 3964 1145 4026 eciam

162 4090 243 4155 pape
260 4070 421 4152 copiosius
443 4068 620 4149 indulgere.
645 4067 766 4129 Ymmo
783 4067 910 4129 videtur
927 4068 1015 4150 quod
1034 4069 1146 4151 prelati

162 4176 298 4237 maxime
326 4174 470 4256 indigent
497 4171 710 4253 indulgenciis
734 4172 911 4254 laycorum,
945 4191 1002 4234 nec
1026 4187 1074 4236 est
1099 4172 1146 4235 in·

162 4279 327 4362 dulgentia
345 4293 469 4341 tantum
486 4290 735 4355 sacramentum,
751 4275 826 4358 quin
844 4276 931 4337 laicis
948 4278 1048 4358 possit
1059 4297 1147 4340 corn·

200 4548 220 4594 3.
235 4550 265 4595 a:
280 4550 411 4596 ecelesiam.
525 4563 556 4610 ¹7·
571 4549 602 4595 br
617 4548 791 4596 luredlccloals.
906 4560 940 4593 aa.
954 4550 991 4594 nd
1005 4549 1075 4596 Rom.
1089 4549 1107 4608 l,
1122 4561 1148 4605 t4

162 4619 244 4664 Grecis
257 4631 285 4664 ac
300 4619 416 4666 Barbarie.
509 4620 545 4675 34
559 4627 636 4665 totum
651 4627 832 4664 sacramentam.
