3262 5226
643 441 646 445 ’
729 478 899 534 sonnnuts
916 477 1070 531 wucntn.
1254 456 1388 549 [cunm

400 638 626 724 defendendis,
642 638 721 722 qnia
738 635 797 700 illa
814 656 879 700 non
899 644 997 717 rapta
1014 635 1189 698 mordentes
1205 637 1394 717 amittimus,
1409 654 1466 709 135·
1483 653 1505 708 ι

399 764 474 808 cum
497 742 564 808 illis
592 761 669 808 uero
693 751 725 806 et
746 759 836 803 nunc
858 737 1060 803 condicionis
1083 739 1208 822 ordine,
1231 741 1302 828 etsi
1323 761 1394 805 cor·

398 850 468 933 rigi
488 848 649 922 studeant,
660 855 739 930 post
747 846 1002 929 percepcionem
1015 842 1139 926 finalis
1155 846 1278 926 premii
1295 836 1394 908 unum

397 971 523 1017 sumus.
564 951 644 1029 Quis
674 960 782 1014 autem
811 949 947 1029 nesciat,
972 948 1051 1031 quia
1074 946 1247 1012 minusca
1277 949 1394 1032 quibus

197 1071 248 1117 nn
261 1083 298 1115 we
311 1079 375 1117 mnu
401 1059 524 1122 utimur
545 1066 576 1120 et
592 1056 673 1139 plus
691 1053 845 1118 debemus
863 1070 979 1116 amare
996 1050 1084 1135 quoa
1096 1052 1236 1115 suanus?
1257 1052 1293 1116 Si
1311 1069 1420 1138 argos

178 1123 392 1221 {cillialid}
394 1181 462 1244 pro
483 1177 544 1224 sua
565 1160 702 1223 utilitate
723 1155 912 1240 raptoribus
934 1156 1111 1239 loquimur,
1134 1157 1198 1219 iam
1220 1175 1285 1219 nou
1302 1157 1396 1222 nolis

197 1227 227 1273 at
238 1228 278 1272 the
292 1238 374 1284 wrong
652 1264 660 1278 .
839 1261 846 1275 .
923 1260 931 1274 .
964 1259 971 1274 .
1350 1263 1358 1277 .

248 1281 320 1335 coen
401 1284 463 1348 qne
485 1264 692 1345 temporalia,
715 1261 776 1326 sed
798 1278 901 1323 eciam
919 1259 989 1322 allus
1004 1278 1067 1342 que
1089 1268 1166 1322 sunt
1187 1270 1302 1324 eterna
1325 1282 1394 1326 vrn-

399 1369 557 1433 dicamns.
594 1366 668 1444 Qua
690 1368 725 1429 in
748 1385 786 1430 re
809 1363 891 1428 illud
923 1374 970 1428 est
1001 1363 1162 1426 solercius
1189 1365 1393 1445 intuendum,

400 1493 441 1538 ne
457 1492 522 1557 per
544 1472 747 1536 necessitatis
771 1479 890 1534 metum
914 1466 1078 1550 cupiditas
1105 1475 1259 1551 surrepat
1279 1489 1391 1533 rerum

400 1586 431 1640 et
466 1577 535 1661 qelo
564 1593 724 1639 succensa
756 1572 955 1658 prohibicio,
989 1571 1111 1654 impetn
1143 1572 1437 1641 immoderancieno

400 1681 558 1759 distensa,
586 1699 688 1763 nsque
716 1679 762 1743 ad
784 1678 893 1743 odiosa
916 1676 1153 1759 turpitudinem
1176 1678 1393 1742 contencionis

401 1795 560 1869 erumpat.
587 1784 740 1868 Dumque
757 1801 824 1866 pro
842 1792 979 1846 terrena
1001 1801 1039 1845 re
1058 1800 1131 1864 pax
1153 1801 1174 1875 a
1196 1782 1294 1848 corde
1318 1803 1393 1847 cum

393 1890 551 1972 proximo
582 1887 756 1965 scinditur,
791 1885 913 1971 liquido
946 1894 1087 1969 apparet
1119 1886 1206 1969 quod
1232 1887 1314 1970 plns
1340 1907 1394 1952 res

398 2013 496 2076 qnam
524 1995 699 2076 proximus
725 2002 869 2056 amatur.
902 1990 938 2054 Si
967 1991 1051 2052 enim
1080 1992 1229 2055 caritatis
1265 1994 1392 2057 viscera

181 2111 325 2160 oneratae
339 2123 374 2155 n
400 2099 501 2160 eciam
512 2100 603 2162 circa
618 2107 785 2180 raptorem
797 2097 989 2180 proximum
1008 2114 1072 2157 non
1088 2093 1252 2173 labemus,
1271 2106 1395 2162 nosmet
1407 2113 1436 2166 ι5

155 2169 244 2269 Ᾰᾞῖ
257 2163 488 2284 “diffini-ipsos
520 2203 619 2285 peius
650 2203 722 2285 ipso
756 2210 890 2283 raptore
920 2194 1154 2282 persequimur
1189 2201 1393 2285 graviusque

402 2324 580 2390 nosquam
604 2305 690 2370 alter
707 2315 841 2389 poterat
855 2304 1077 2384 devastamus,
1104 2305 1180 2387 qnia
1204 2304 1393 2370 dileccionis

400 2409 517 2473 bonum
540 2419 655 2492 sponte
677 2411 862 2474 deserentes
884 2427 905 2470 a
929 2408 1024 2471 nolis
1046 2408 1125 2490 ipsis
1141 2410 1229 2473 intus
1243 2419 1290 2472 est
1307 2408 1395 2492 quod

401 2514 586 2590 amittimus,
598 2515 655 2597 qni
668 2513 710 2576 alr
725 2514 783 2577 illo
798 2512 869 2576 sola
884 2515 1054 2577 exteriora
1065 2511 1315 2596 perde*lamus.
1329 2512 1394 2578 Sed
1406 2527 1467 2585 135⁴

401 2617 486 2682 lanc
500 2617 661 2701 ypocrita
679 2616 833 2702 sormam
860 2616 1010 2680 caritatis
1037 2617 1179 2700 ignorat,
1213 2618 1291 2701 quia
1313 2617 1438 2700 plus20

402 2731 533 2785 terrena
548 2740 646 2805 quam
664 2722 796 2786 celestia
815 2719 958 2804 diligens
974 2731 1091 2783 contra
1110 2739 1183 2784 enm
1200 2723 1256 2805 qui
1270 2732 1392 2805 tempo·

325 2886 331 2897 ‚
402 2826 489 2890 ralia
512 2826 626 2908 diripit
647 2845 719 2891 sese
736 2828 769 2891 iu
797 2825 918 2889 intimis
942 2826 1081 2889 immani
1102 2824 1178 2888 odio
1201 2825 1393 2906 inflammat.

446 2928 617 2994 Sciendum
645 2948 722 2994 uero
750 2939 798 2993 est
823 2928 911 3012 quod
933 2929 1184 3000 suntnonnulli
1204 2949 1285 3011 qnos
1307 2933 1393 2997 cari·

401 3036 477 3099 tatis
490 3035 620 3120 gremio
635 3035 785 3097 nutriens
800 3043 907 3096 nrater
921 3032 1059 3096 ecclesia
1073 3033 1204 3114 tolerat,
1227 3053 1393 3119 quousque
1403 3054 1432 3108 e

402 3138 446 3201 ad
470 3139 652 3220 spiritualis
682 3140 778 3202 etatis
802 3140 1005 3202 incrementa
1027 3138 1203 3221 perducat,
1236 3141 1293 3221 qni
1315 3159 1436 3211 non-25

402 3263 567 3326 nunquam
590 3255 622 3307 et
642 3245 824 3308 sanctitatis
839 3243 983 3306 inlitum
1009 3253 1117 3307 tenent
1132 3254 1162 3307 et
1172 3243 1395 3329 perseccionis

403 3349 552 3410 rneritum
576 3350 694 3431 exequi
715 3367 780 3410 non
805 3348 922 3411 valent.
947 3347 1000 3410 Ad
1022 3349 1108 3411 dona
1134 3370 1273 3432 namque
1297 3352 1394 3435 spiri·

402 3454 504 3514 tualia
528 3453 660 3515 minime
683 3462 866 3536 assurgunt
888 3452 1063 3517 etidcirco
1086 3454 1147 3517 lriis
1167 3456 1223 3537 qni
1239 3455 1301 3517 sibi
1318 3475 1393 3518 con·

402 3555 504 3620 iuncti
532 3566 606 3619 sunt
635 3556 680 3618 ad
700 3556 822 3619 tuenda
845 3575 884 3619 ea
909 3575 973 3639 qne
994 3568 1128 3620 terrena
1150 3569 1225 3621 sum
1246 3561 1394 3624 serviunt

402 3671 432 3724 et
448 3680 680 3744 nonnunquam
692 3663 726 3723 in
742 3660 944 3745 defensionis
960 3662 1102 3725 eiusdem
1117 3663 1289 3726 iracundia
1302 3684 1392 3728 exce·
1406 3681 1438 3734 30

403 3762 492 3827 dunt.
515 3764 557 3828 Et
579 3765 658 3829 istos
680 3765 813 3829 nomine
836 3764 1003 3848 religiosos
1028 3767 1163 3829 declarat
1185 3766 1242 3831 iste
1266 3784 1394 3834 sanctus

403 3888 485 3951 papa
516 3868 633 3932 involvi
658 3870 777 3953 duplici
800 3869 936 3950 malicia,
964 3869 1071 3953 primo
1098 3869 1172 3952 quia
1198 3872 1319 3935 nedum
1344 3874 1392 3936 in·

404 3968 552 4036 firmitate
579 3974 633 4035 sed
655 3973 789 4037 sciencia
817 3987 927 4036 contra
951 3971 1184 4035 conscienciam
1207 3994 1299 4037 sunm
1320 3996 1425 4059 pec-⁸

405 4090 487 4155 cant,
509 4077 649 4142 secundo
670 4077 747 4162 quia
762 4075 913 4161 fingendo
929 4075 1130 4139 sanctitatem
1147 4074 1180 4136 in
1195 4074 1394 4145 defendendo

449 4289 482 4323 ιο.
493 4275 583 4324 Coddn
593 4281 739 4337 prohablt03
754 4279 808 4326 vide
822 4278 972 4336 creganntt
987 4291 1059 4335 supra
1073 4289 1196 4336 pansam.
1210 4279 1270 4325 Alta
1284 4279 1308 4325 ln
1323 4280 1395 4328 luant.

406 4359 433 4392 u.
448 4346 538 4393 Gadda
552 4348 704 4406 turpitudinis
718 4349 908 4395 contenciooem.
946 4359 979 4393 aa.
995 4350 1030 4393 Aa
1045 4345 1198 4393 inflammant
1224 4359 1259 4406 ²7·
1270 4349 1296 4393 ln
1310 4349 1394 4397 codas

406 4418 475 4462 bonu
529 4417 563 4465 32.
577 4417 625 4464 ΑΒ
638 4420 660 4462 ln
674 4431 762 4475 marni
777 4418 919 4473 Conclnsl03
935 4416 965 4463 Ba
979 4417 1059 4476 primo
1072 4415 1167 4464 nedum.
