<?xml version="1.0" encoding="UTF-8"?>
<!DOCTYPE html PUBLIC "-//W3C//DTD XHTML 1.0 Transitional//EN"
    "http://www.w3.org/TR/xhtml1/DTD/xhtml1-transitional.dtd">
<html xmlns="http://www.w3.org/1999/xhtml" xml:lang="en" lang="en">
 <head>
  <title>
</title>
<meta http-equiv="Content-Type" content="text/html;charset=utf-8" />
  <meta name='ocr-system' content='tesseract 3.04.00' />
  <meta name='ocr-capabilities' content='ocr_page ocr_carea ocr_par ocr_line ocrx_word'/>
</head>
<body>
  <div class='ocr_page' id='page_1' title='image "./iohanniswyclift00mattgoog_0117.png"; bbox 0 0 3262 5226; ppageno 0'>
   <div class='ocr_carea' id='block_1_1' title="bbox 707 404 1358 496">
    <p class='ocr_par' dir='ltr' id='par_1_1' title="bbox 707 404 1358 496">
     <span class='ocr_line' id='line_1_1' title="bbox 707 404 1358 496; baseline -0.037 -11"><span class='ocrx_word' id='word_1_1' title='bbox 707 431 876 485; x_wconf 71' lang='lat' dir='ltr'>tonsurus</span> <span class='ocrx_word' id='word_1_2' title='bbox 895 430 1039 483; x_wconf 69' lang='lat' dir='ltr'>wreus.</span> <span class='ocrx_word' id='word_1_3' title='bbox 1218 404 1303 496; x_wconf 76' lang='lat' dir='ltr'>[cae.</span> <span class='ocrx_word' id='word_1_4' title='bbox 1316 415 1358 464; x_wconf 85' lang='grc' dir='ltr'>ιν.</span> 
     </span>
    </p>
   </div>
   <div class='ocr_carea' id='block_1_2' title="bbox 158 577 1465 1818">
    <p class='ocr_par' dir='ltr' id='par_1_2' title="bbox 158 577 1465 1818">
     <span class='ocr_line' id='line_1_2' title="bbox 376 577 1465 672; baseline -0.004 -21"><span class='ocrx_word' id='word_1_5' title='bbox 376 586 427 651; x_wconf 80' lang='lat' dir='ltr'>vel</span> <span class='ocrx_word' id='word_1_6' title='bbox 439 588 528 672; x_wconf 87' lang='lat' dir='ltr'>quod</span> <span class='ocrx_word' id='word_1_7' title='bbox 548 607 691 672; x_wconf 90' lang='lat' dir='ltr'>unquam</span> <span class='ocrx_word' id='word_1_8' title='bbox 713 584 807 652; x_wconf 90' lang='lat' dir='ltr'>luerit</span> <span class='ocrx_word' id='word_1_9' title='bbox 830 609 900 672; x_wconf 89' lang='lat' dir='ltr'>pars</span> <span class='ocrx_word' id='word_1_10' title='bbox 922 588 1040 651; x_wconf 90' lang='lat' dir='ltr'>domus</span> <span class='ocrx_word' id='word_1_11' title='bbox 1062 581 1255 662; x_wconf 90' lang='lat' dir='ltr'>huiusmodi,</span> <span class='ocrx_word' id='word_1_12' title='bbox 1277 577 1352 664; x_wconf 89' lang='lat' dir='ltr'>quia</span> <span class='ocrx_word' id='word_1_13' title='bbox 1365 592 1426 663; x_wconf 77' lang='lat'>¹39¹</span> <span class='ocrx_word' id='word_1_14' title='bbox 1439 593 1465 647; x_wconf 79' lang='grc' dir='ltr'>Ι·</span> 
     </span>
     <span class='ocr_line' id='line_1_3' title="bbox 376 686 1351 777; baseline -0.009 -22"><span class='ocrx_word' id='word_1_15' title='bbox 376 691 421 756; x_wconf 82' lang='lat' dir='ltr'>sic</span> <span class='ocrx_word' id='word_1_16' title='bbox 452 691 590 777; x_wconf 81' lang='lat' dir='ltr'>quelibet</span> <span class='ocrx_word' id='word_1_17' title='bbox 619 693 735 756; x_wconf 91' lang='lat' dir='ltr'>domus</span> <span class='ocrx_word' id='word_1_18' title='bbox 772 691 940 757; x_wconf 89' lang='lat' dir='ltr'>materialis</span> <span class='ocrx_word' id='word_1_19' title='bbox 978 688 1058 753; x_wconf 88' lang='lat' dir='ltr'>loret</span> <span class='ocrx_word' id='word_1_20' title='bbox 1096 686 1191 750; x_wconf 90' lang='lat' dir='ltr'>nimis</span> <span class='ocrx_word' id='word_1_21' title='bbox 1227 704 1351 770; x_wconf 79' lang='lat' dir='ltr'>magna,</span> 
     </span>
     <span class='ocr_line' id='line_1_4' title="bbox 375 788 1351 879; baseline -0.007 -21"><span class='ocrx_word' id='word_1_22' title='bbox 375 794 494 859; x_wconf 87' lang='lat' dir='ltr'>habens</span> <span class='ocrx_word' id='word_1_23' title='bbox 519 795 552 858; x_wconf 94' lang='lat' dir='ltr'>in</span> <span class='ocrx_word' id='word_1_24' title='bbox 579 795 853 879; x_wconf 87' lang='lat' dir='ltr'>composicionem</span> <span class='ocrx_word' id='word_1_25' title='bbox 875 795 922 859; x_wconf 91' lang='lat' dir='ltr'>sui</span> <span class='ocrx_word' id='word_1_26' title='bbox 946 814 1060 860; x_wconf 92' lang='lat' dir='ltr'>omnes</span> <span class='ocrx_word' id='word_1_27' title='bbox 1082 790 1255 856; x_wconf 78' lang='lat' dir='ltr'>materiales</span> <span class='ocrx_word' id='word_1_28' title='bbox 1277 788 1351 853; x_wconf 91' lang='lat' dir='ltr'>sub·</span> 
     </span>
     <span class='ocr_line' id='line_1_5' title="bbox 376 892 1349 984; baseline -0.005 -22"><span class='ocrx_word' id='word_1_29' title='bbox 376 900 508 964; x_wconf 73' lang='lat' dir='ltr'>stancius</span> <span class='ocrx_word' id='word_1_30' title='bbox 537 920 599 984; x_wconf 91' lang='lat' dir='ltr'>que</span> <span class='ocrx_word' id='word_1_31' title='bbox 630 912 704 963; x_wconf 91' lang='lat' dir='ltr'>sunt</span> <span class='ocrx_word' id='word_1_32' title='bbox 734 898 767 962; x_wconf 92' lang='lat' dir='ltr'>in</span> <span class='ocrx_word' id='word_1_33' title='bbox 799 900 946 984; x_wconf 90' lang='lat' dir='ltr'>potencia</span> <span class='ocrx_word' id='word_1_34' title='bbox 968 899 1034 963; x_wconf 89' lang='lat' dir='ltr'>lieri</span> <span class='ocrx_word' id='word_1_35' title='bbox 1057 897 1124 960; x_wconf 91' lang='lat' dir='ltr'>eius</span> <span class='ocrx_word' id='word_1_36' title='bbox 1146 907 1258 981; x_wconf 85' lang='lat' dir='ltr'>partes.</span> <span class='ocrx_word' id='word_1_37' title='bbox 1298 892 1349 959; x_wconf 87' lang='lat' dir='ltr'>Sic</span> 
     </span>
     <span class='ocr_line' id='line_1_6' title="bbox 376 997 1376 1088; baseline 0 -21"><span class='ocrx_word' id='word_1_38' title='bbox 376 1003 498 1068; x_wconf 80' lang='lat' dir='ltr'>videtur</span> <span class='ocrx_word' id='word_1_39' title='bbox 518 1005 608 1088; x_wconf 92' lang='lat' dir='ltr'>quod</span> <span class='ocrx_word' id='word_1_40' title='bbox 630 1005 747 1069; x_wconf 90' lang='lat' dir='ltr'>domus</span> <span class='ocrx_word' id='word_1_41' title='bbox 762 1004 874 1069; x_wconf 92' lang='lat' dir='ltr'>mundi</span> <span class='ocrx_word' id='word_1_42' title='bbox 890 1004 1034 1069; x_wconf 87' lang='lat' dir='ltr'>excidens</span> <span class='ocrx_word' id='word_1_43' title='bbox 1050 1004 1088 1067; x_wconf 93' lang='lat' dir='ltr'>de</span> <span class='ocrx_word' id='word_1_44' title='bbox 1104 1022 1207 1065; x_wconf 86' lang='lat' dir='ltr'>massa</span> <span class='ocrx_word' id='word_1_45' title='bbox 1220 997 1376 1067; x_wconf 80' lang='lat' dir='ltr'>humanis</span> 
     </span>
     <span class='ocr_line' id='line_1_7' title="bbox 375 1106 1352 1194; baseline -0.004 -22"><span class='ocrx_word' id='word_1_46' title='bbox 375 1108 495 1192; x_wconf 80' lang='lat' dir='ltr'>generis</span> <span class='ocrx_word' id='word_1_47' title='bbox 516 1109 674 1193; x_wconf 90' lang='lat' dir='ltr'>quosdam</span> <span class='ocrx_word' id='word_1_48' title='bbox 699 1110 740 1171; x_wconf 91' lang='lat' dir='ltr'>ad</span> <span class='ocrx_word' id='word_1_49' title='bbox 767 1108 875 1194; x_wconf 81' lang='lat' dir='ltr'>ignem</span> <span class='ocrx_word' id='word_1_50' title='bbox 901 1122 1101 1194; x_wconf 87' lang='lat' dir='ltr'>perpetuum,</span> <span class='ocrx_word' id='word_1_51' title='bbox 1132 1106 1290 1190; x_wconf 90' lang='lat' dir='ltr'>quosdam</span> <span class='ocrx_word' id='word_1_52' title='bbox 1316 1117 1352 1168; x_wconf 91' lang='lat' dir='ltr'>ut</span> 
     </span>
     <span class='ocr_line' id='line_1_8' title="bbox 376 1207 1350 1297; baseline -0.004 -23"><span class='ocrx_word' id='word_1_53' title='bbox 376 1212 438 1276; x_wconf 90' lang='lat' dir='ltr'>sint</span> <span class='ocrx_word' id='word_1_54' title='bbox 457 1223 565 1295; x_wconf 89' lang='lat' dir='ltr'>postes</span> <span class='ocrx_word' id='word_1_55' title='bbox 586 1212 637 1275; x_wconf 81' lang='lat' dir='ltr'>vel</span> <span class='ocrx_word' id='word_1_56' title='bbox 657 1211 717 1275; x_wconf 92' lang='lat' dir='ltr'>alie</span> <span class='ocrx_word' id='word_1_57' title='bbox 739 1227 843 1296; x_wconf 91' lang='lat' dir='ltr'>partes</span> <span class='ocrx_word' id='word_1_58' title='bbox 866 1227 1016 1297; x_wconf 83' lang='lat' dir='ltr'>perpetue</span> <span class='ocrx_word' id='word_1_59' title='bbox 1040 1212 1073 1274; x_wconf 95' lang='lat' dir='ltr'>in</span> <span class='ocrx_word' id='word_1_60' title='bbox 1095 1212 1195 1274; x_wconf 90' lang='lat' dir='ltr'>domo</span> <span class='ocrx_word' id='word_1_61' title='bbox 1217 1207 1350 1289; x_wconf 88' lang='lat' dir='ltr'>domini,</span> 
     </span>
     <span class='ocr_line' id='line_1_9' title="bbox 376 1313 1352 1398; baseline -0.001 -20"><span class='ocrx_word' id='word_1_62' title='bbox 376 1334 434 1379; x_wconf 91' lang='lat' dir='ltr'>nec</span> <span class='ocrx_word' id='word_1_63' title='bbox 455 1315 611 1379; x_wconf 84' lang='lat' dir='ltr'>ordinavit</span> <span class='ocrx_word' id='word_1_64' title='bbox 633 1336 690 1379; x_wconf 89' lang='lat' dir='ltr'>nec</span> <span class='ocrx_word' id='word_1_65' title='bbox 711 1316 855 1381; x_wconf 79' lang='lat' dir='ltr'>futurum</span> <span class='ocrx_word' id='word_1_66' title='bbox 874 1331 950 1398; x_wconf 89' lang='lat' dir='ltr'>erat,</span> <span class='ocrx_word' id='word_1_67' title='bbox 973 1331 1009 1380; x_wconf 91' lang='lat' dir='ltr'>ut</span> <span class='ocrx_word' id='word_1_68' title='bbox 1029 1313 1233 1380; x_wconf 89' lang='lat' dir='ltr'>comburendi</span> <span class='ocrx_word' id='word_1_69' title='bbox 1250 1313 1352 1377; x_wconf 88' lang='lat' dir='ltr'>lorent</span> 
     </span>
     <span class='ocr_line' id='line_1_10' title="bbox 376 1418 1351 1506; baseline -0.001 -24"><span class='ocrx_word' id='word_1_70' title='bbox 376 1440 447 1504; x_wconf 89' lang='lat' dir='ltr'>pars</span> <span class='ocrx_word' id='word_1_71' title='bbox 463 1419 601 1502; x_wconf 84' lang='lat' dir='ltr'>ecclesie,</span> <span class='ocrx_word' id='word_1_72' title='bbox 622 1434 906 1506; x_wconf 89' lang='lat' dir='ltr'>quantumcunque</span> <span class='ocrx_word' id='word_1_73' title='bbox 921 1421 1011 1505; x_wconf 92' lang='lat' dir='ltr'>politi</span> <span class='ocrx_word' id='word_1_74' title='bbox 1024 1419 1139 1483; x_wconf 86' lang='lat' dir='ltr'>luerint</span> <span class='ocrx_word' id='word_1_75' title='bbox 1161 1418 1201 1481; x_wconf 89' lang='lat' dir='ltr'>ad</span> <span class='ocrx_word' id='word_1_76' title='bbox 1215 1432 1351 1502; x_wconf 85' lang='lat' dir='ltr'>tempus,</span> 
     </span>
     <span class='ocr_line' id='line_1_11' title="bbox 376 1521 1397 1609; baseline -0.001 -22"><span class='ocrx_word' id='word_1_77' title='bbox 376 1524 430 1587; x_wconf 84' lang='lat' dir='ltr'>sed</span> <span class='ocrx_word' id='word_1_78' title='bbox 445 1521 578 1588; x_wconf 83' lang='lat' dir='ltr'>finaliter</span> <span class='ocrx_word' id='word_1_79' title='bbox 591 1526 788 1609; x_wconf 89' lang='lat' dir='ltr'>reprobandi.</span> <span class='ocrx_word' id='word_1_80' title='bbox 811 1525 912 1589; x_wconf 84' lang='lat' dir='ltr'>Aliter</span> <span class='ocrx_word' id='word_1_81' title='bbox 934 1524 1019 1589; x_wconf 90' lang='lat' dir='ltr'>enim</span> <span class='ocrx_word' id='word_1_82' title='bbox 1041 1524 1185 1588; x_wconf 89' lang='lat' dir='ltr'>diabolus</span> <span class='ocrx_word' id='word_1_83' title='bbox 1199 1537 1230 1586; x_wconf 94' lang='lat' dir='ltr'>et</span> <span class='ocrx_word' id='word_1_84' title='bbox 1243 1522 1352 1587; x_wconf 90' lang='lat' dir='ltr'>omnia</span> <span class='ocrx_word' id='word_1_85' title='bbox 1364 1549 1397 1588; x_wconf 86' lang='grc' dir='ltr'>1ο</span> 
     </span>
     <span class='ocr_line' id='line_1_12' title="bbox 377 1628 1392 1714; baseline 0.002 -23"><span class='ocrx_word' id='word_1_86' title='bbox 377 1629 520 1692; x_wconf 88' lang='lat' dir='ltr'>membra</span> <span class='ocrx_word' id='word_1_87' title='bbox 541 1628 609 1693; x_wconf 84' lang='lat' dir='ltr'>eius</span> <span class='ocrx_word' id='word_1_88' title='bbox 632 1628 735 1693; x_wconf 89' lang='lat' dir='ltr'>lorent</span> <span class='ocrx_word' id='word_1_89' title='bbox 756 1650 829 1714; x_wconf 89' lang='lat' dir='ltr'>pars</span> <span class='ocrx_word' id='word_1_90' title='bbox 852 1631 968 1694; x_wconf 91' lang='lat' dir='ltr'>domus</span> <span class='ocrx_word' id='word_1_91' title='bbox 991 1629 1122 1695; x_wconf 88' lang='lat' dir='ltr'>domini.</span> <span class='ocrx_word' id='word_1_92' title='bbox 1361 1638 1392 1693; x_wconf 76' lang='lat' dir='ltr'>G</span> 
     </span>
     <span class='ocr_line' id='line_1_13' title="bbox 158 1730 1351 1818; baseline 0.003 -26"><span class='ocrx_word' id='word_1_93' title='bbox 158 1747 368 1795; x_wconf 62' lang='lat' dir='ltr'>narrationem</span> <span class='ocrx_word' id='word_1_94' title='bbox 420 1733 461 1798; x_wconf 87' lang='lat' dir='ltr'>Et</span> <span class='ocrx_word' id='word_1_95' title='bbox 483 1732 508 1795; x_wconf 87' lang='lat' dir='ltr'>si</span> <span class='ocrx_word' id='word_1_96' title='bbox 530 1730 652 1797; x_wconf 88' lang='lat' dir='ltr'>dicatur</span> <span class='ocrx_word' id='word_1_97' title='bbox 673 1733 762 1817; x_wconf 90' lang='lat' dir='ltr'>quod</span> <span class='ocrx_word' id='word_1_98' title='bbox 777 1731 920 1797; x_wconf 90' lang='lat' dir='ltr'>Christus</span> <span class='ocrx_word' id='word_1_99' title='bbox 942 1733 1036 1798; x_wconf 89' lang='lat' dir='ltr'>habet</span> <span class='ocrx_word' id='word_1_100' title='bbox 1057 1753 1116 1818; x_wconf 92' lang='lat' dir='ltr'>pro</span> <span class='ocrx_word' id='word_1_101' title='bbox 1140 1746 1222 1808; x_wconf 81' lang='lat' dir='ltr'>statu</span> <span class='ocrx_word' id='word_1_102' title='bbox 1236 1731 1351 1796; x_wconf 73' lang='lat' dir='ltr'>riacio-</span> 
     </span>
    </p>
   </div>
   <div class='ocr_carea' id='block_1_3' title="bbox 157 1801 1353 1923">
    <p class='ocr_par' dir='ltr' id='par_1_3' title="bbox 157 1801 1353 1923">
     <span class='ocr_line' id='line_1_14' title="bbox 157 1801 1353 1923; baseline 0.002 -24"><span class='ocrx_word' id='word_1_103' title='bbox 157 1801 425 1900; x_wconf 58' lang='lat' dir='ltr'>iiiiiil&#39;l‘iiimis</span> <span class='ocrx_word' id='word_1_104' title='bbox 447 1837 624 1902; x_wconf 91' lang='lat' dir='ltr'>secundum</span> <span class='ocrx_word' id='word_1_105' title='bbox 650 1852 828 1921; x_wconf 76' lang='lat' dir='ltr'>presentem</span> <span class='ocrx_word' id='word_1_106' title='bbox 855 1836 1013 1901; x_wconf 90' lang='lat' dir='ltr'>iusticiam</span> <span class='ocrx_word' id='word_1_107' title='bbox 1039 1836 1201 1923; x_wconf 82' lang='lat' dir='ltr'>tugurium</span> <span class='ocrx_word' id='word_1_108' title='bbox 1227 1837 1353 1901; x_wconf 76' lang='lat' dir='ltr'>estivale</span> 
     </span>
    </p>
   </div>
   <div class='ocr_carea' id='block_1_4' title="bbox 156 1913 1432 3908">
    <p class='ocr_par' dir='ltr' id='par_1_4' title="bbox 156 1913 1401 2653">
     <span class='ocr_line' id='line_1_15' title="bbox 156 1913 1351 2026; baseline -0.001 -20"><span class='ocrx_word' id='word_1_109' title='bbox 156 1913 468 2006; x_wconf 56' lang='lat' dir='ltr'>mmmcuius</span> <span class='ocrx_word' id='word_1_110' title='bbox 497 1962 607 2006; x_wconf 88' lang='lat' dir='ltr'>omnes</span> <span class='ocrx_word' id='word_1_111' title='bbox 636 1942 712 2006; x_wconf 89' lang='lat' dir='ltr'>tales</span> <span class='ocrx_word' id='word_1_112' title='bbox 734 1955 809 2005; x_wconf 89' lang='lat' dir='ltr'>sunt</span> <span class='ocrx_word' id='word_1_113' title='bbox 830 1956 945 2026; x_wconf 88' lang='lat' dir='ltr'>partes,</span> <span class='ocrx_word' id='word_1_114' title='bbox 967 1957 1073 2006; x_wconf 88' lang='lat' dir='ltr'>tamen</span> <span class='ocrx_word' id='word_1_115' title='bbox 1096 1962 1249 2026; x_wconf 89' lang='lat' dir='ltr'>cumpro</span> <span class='ocrx_word' id='word_1_116' title='bbox 1272 1955 1351 2006; x_wconf 92' lang='lat' dir='ltr'>tem·</span> 
     </span>
     <span class='ocr_line' id='line_1_16' title="bbox 378 2045 1396 2132; baseline 0.001 -22"><span class='ocrx_word' id='word_1_117' title='bbox 378 2067 456 2132; x_wconf 89' lang='lat' dir='ltr'>pore</span> <span class='ocrx_word' id='word_1_118' title='bbox 487 2046 572 2132; x_wconf 83' lang='lat' dir='ltr'>ipsos</span> <span class='ocrx_word' id='word_1_119' title='bbox 598 2045 760 2127; x_wconf 87' lang='lat' dir='ltr'>inhabitat,</span> <span class='ocrx_word' id='word_1_120' title='bbox 792 2046 871 2109; x_wconf 88' lang='lat' dir='ltr'>nihil</span> <span class='ocrx_word' id='word_1_121' title='bbox 902 2046 1067 2131; x_wconf 89' lang='lat' dir='ltr'>proposito</span> <span class='ocrx_word' id='word_1_122' title='bbox 1100 2060 1208 2110; x_wconf 88' lang='lat' dir='ltr'>nostro</span> <span class='ocrx_word' id='word_1_123' title='bbox 1236 2047 1275 2109; x_wconf 93' lang='lat' dir='ltr'>de</span> <span class='ocrx_word' id='word_1_124' title='bbox 1296 2045 1352 2109; x_wconf 92' lang='lat' dir='ltr'>illo</span> <span class='ocrx_word' id='word_1_125' title='bbox 1365 2056 1396 2111; x_wconf 83' lang='grc'>15</span> 
     </span>
     <span class='ocr_line' id='line_1_17' title="bbox 378 2150 1353 2236; baseline 0 -21"><span class='ocrx_word' id='word_1_126' title='bbox 378 2150 517 2233; x_wconf 83' lang='lat' dir='ltr'>tugurio,</span> <span class='ocrx_word' id='word_1_127' title='bbox 544 2150 618 2236; x_wconf 88' lang='lat' dir='ltr'>quia</span> <span class='ocrx_word' id='word_1_128' title='bbox 645 2151 797 2216; x_wconf 86' lang='lat' dir='ltr'>limitatur</span> <span class='ocrx_word' id='word_1_129' title='bbox 819 2150 913 2215; x_wconf 91' lang='lat' dir='ltr'>nobis</span> <span class='ocrx_word' id='word_1_130' title='bbox 935 2172 1039 2215; x_wconf 89' lang='lat' dir='ltr'>sermo</span> <span class='ocrx_word' id='word_1_131' title='bbox 1061 2152 1100 2214; x_wconf 95' lang='lat' dir='ltr'>de</span> <span class='ocrx_word' id='word_1_132' title='bbox 1123 2163 1228 2213; x_wconf 89' lang='lat' dir='ltr'>sancta</span> <span class='ocrx_word' id='word_1_133' title='bbox 1255 2164 1353 2215; x_wconf 78' lang='lat' dir='ltr'>moue</span> 
     </span>
     <span class='ocr_line' id='line_1_18' title="bbox 379 2254 1353 2341; baseline 0 -23"><span class='ocrx_word' id='word_1_134' title='bbox 379 2254 518 2335; x_wconf 90' lang='lat' dir='ltr'>ecclesia,</span> <span class='ocrx_word' id='word_1_135' title='bbox 551 2275 669 2340; x_wconf 87' lang='lat' dir='ltr'>sponsa</span> <span class='ocrx_word' id='word_1_136' title='bbox 699 2254 825 2337; x_wconf 78' lang='lat' dir='ltr'>Christi,</span> <span class='ocrx_word' id='word_1_137' title='bbox 858 2276 957 2341; x_wconf 91' lang='lat' dir='ltr'>quam</span> <span class='ocrx_word' id='word_1_138' title='bbox 988 2254 1143 2320; x_wconf 86' lang='lat' dir='ltr'>ordinavit</span> <span class='ocrx_word' id='word_1_139' title='bbox 1170 2268 1353 2339; x_wconf 88' lang='lat' dir='ltr'>perpetuam</span> 
     </span>
     <span class='ocr_line' id='line_1_19' title="bbox 379 2357 1370 2441; baseline 0.002 -21"><span class='ocrx_word' id='word_1_140' title='bbox 379 2358 530 2441; x_wconf 82' lang='lat' dir='ltr'>reginam,</span> <span class='ocrx_word' id='word_1_141' title='bbox 561 2357 737 2423; x_wconf 79' lang='lat' dir='ltr'>eternaliter</span> <span class='ocrx_word' id='word_1_142' title='bbox 768 2380 877 2423; x_wconf 83' lang='lat' dir='ltr'>secum</span> <span class='ocrx_word' id='word_1_143' title='bbox 911 2380 1102 2440; x_wconf 84' lang='lat' dir='ltr'>mansuram,</span> <span class='ocrx_word' id='word_1_144' title='bbox 1133 2357 1201 2421; x_wconf 87' lang='lat' dir='ltr'>sine</span> <span class='ocrx_word' id='word_1_145' title='bbox 1232 2359 1370 2423; x_wconf 49' lang='lat' dir='ltr'>macula*</span> 
     </span>
     <span class='ocr_line' id='line_1_20' title="bbox 379 2463 1353 2549; baseline 0.002 -24"><span class='ocrx_word' id='word_1_146' title='bbox 379 2463 429 2526; x_wconf 87' lang='lat' dir='ltr'>vel</span> <span class='ocrx_word' id='word_1_147' title='bbox 450 2482 536 2547; x_wconf 80' lang='lat' dir='ltr'>ruga,</span> <span class='ocrx_word' id='word_1_148' title='bbox 560 2478 595 2528; x_wconf 91' lang='lat' dir='ltr'>ut</span> <span class='ocrx_word' id='word_1_149' title='bbox 617 2463 758 2549; x_wconf 90' lang='lat' dir='ltr'>loquitur</span> <span class='ocrx_word' id='word_1_150' title='bbox 784 2465 950 2549; x_wconf 84' lang='lat' dir='ltr'>apostolus</span> <span class='ocrx_word' id='word_1_151' title='bbox 978 2464 1121 2549; x_wconf 89' lang='lat' dir='ltr'>Ephesiis</span> <span class='ocrx_word' id='word_1_152' title='bbox 1144 2464 1200 2546; x_wconf 85' lang='lat' dir='ltr'>V0,</span> <span class='ocrx_word' id='word_1_153' title='bbox 1223 2464 1274 2544; x_wconf 85' lang='lat'>2⁵,</span> <span class='ocrx_word' id='word_1_154' title='bbox 1298 2477 1353 2549; x_wconf 84' lang='lat'>27:</span> 
     </span>
     <span class='ocr_line' id='line_1_21' title="bbox 384 2567 1401 2653; baseline -0.001 -22"><span class='ocrx_word' id='word_1_155' title='bbox 384 2568 539 2649; x_wconf 80' lang='lat' dir='ltr'>Christus,</span> <span class='ocrx_word' id='word_1_156' title='bbox 555 2567 668 2653; x_wconf 89' lang='lat' dir='ltr'>inquit,</span> <span class='ocrx_word' id='word_1_157' title='bbox 683 2568 817 2634; x_wconf 82' lang='lat' dir='ltr'>tradidit</span> <span class='ocrx_word' id='word_1_158' title='bbox 839 2572 1042 2653; x_wconf 87' lang='lat' dir='ltr'>semetipsum</span> <span class='ocrx_word' id='word_1_159' title='bbox 1059 2588 1126 2652; x_wconf 84' lang='lat' dir='ltr'>pro</span> <span class='ocrx_word' id='word_1_160' title='bbox 1148 2569 1294 2648; x_wconf 86' lang='lat' dir='ltr'>ecclesia,</span> <span class='ocrx_word' id='word_1_161' title='bbox 1319 2578 1354 2631; x_wconf 93' lang='lat' dir='ltr'>ut</span> <span class='ocrx_word' id='word_1_162' title='bbox 1367 2593 1401 2630; x_wconf 66' lang='grc' dir='ltr'>ιο</span> 
     </span>
    </p>

    <p class='ocr_par' dir='ltr' id='par_1_5' title="bbox 288 2673 1432 3908">
     <span class='ocr_line' id='line_1_22' title="bbox 288 2673 1352 2760; baseline 0 -24"><span class='ocrx_word' id='word_1_163' title='bbox 288 2740 298 2757; x_wconf 56' lang='grc'>,</span> <span class='ocrx_word' id='word_1_164' title='bbox 380 2673 448 2756; x_wconf 84' lang='lat' dir='ltr'>ipse</span> <span class='ocrx_word' id='word_1_165' title='bbox 470 2674 533 2738; x_wconf 81' lang='lat' dir='ltr'>sibi</span> <span class='ocrx_word' id='word_1_166' title='bbox 555 2674 718 2738; x_wconf 81' lang='lat' dir='ltr'>exhiberet</span> <span class='ocrx_word' id='word_1_167' title='bbox 740 2675 908 2739; x_wconf 87' lang='lat' dir='ltr'>eeclesiam</span> <span class='ocrx_word' id='word_1_168' title='bbox 923 2676 1116 2760; x_wconf 82' lang='lat' dir='ltr'>gloriosam,</span> <span class='ocrx_word' id='word_1_169' title='bbox 1140 2693 1205 2737; x_wconf 81' lang='lat' dir='ltr'>nou</span> <span class='ocrx_word' id='word_1_170' title='bbox 1234 2673 1352 2736; x_wconf 80' lang='lat' dir='ltr'>liaben-</span> 
     </span>
     <span class='ocr_line' id='line_1_23' title="bbox 379 2777 1358 2864; baseline -0.002 -23"><span class='ocrx_word' id='word_1_171' title='bbox 379 2788 441 2841; x_wconf 90' lang='lat' dir='ltr'>tem</span> <span class='ocrx_word' id='word_1_172' title='bbox 464 2780 623 2842; x_wconf 82' lang='lat' dir='ltr'>maculam</span> <span class='ocrx_word' id='word_1_173' title='bbox 648 2798 750 2862; x_wconf 84' lang='lat' dir='ltr'>neque</span> <span class='ocrx_word' id='word_1_174' title='bbox 774 2799 905 2864; x_wconf 82' lang='lat' dir='ltr'>rugam.</span> <span class='ocrx_word' id='word_1_175' title='bbox 934 2781 974 2844; x_wconf 88' lang='lat' dir='ltr'>Et</span> <span class='ocrx_word' id='word_1_176' title='bbox 1002 2782 1041 2843; x_wconf 91' lang='lat' dir='ltr'>de</span> <span class='ocrx_word' id='word_1_177' title='bbox 1063 2778 1116 2841; x_wconf 89' lang='lat' dir='ltr'>illa</span> <span class='ocrx_word' id='word_1_178' title='bbox 1138 2777 1213 2842; x_wconf 92' lang='lat' dir='ltr'>dicit</span> <span class='ocrx_word' id='word_1_179' title='bbox 1234 2790 1358 2841; x_wconf 87' lang='lat' dir='ltr'>sanctus</span> 
     </span>
     <span class='ocr_line' id='line_1_24' title="bbox 380 2863 1357 2964; baseline 0 -20"><span class='ocrx_word' id='word_1_180' title='bbox 380 2863 533 2963; x_wconf 78' lang='lat' dir='ltr'>Thomas,</span> <span class='ocrx_word' id='word_1_181' title='bbox 555 2882 602 2945; x_wconf 87' lang='lat' dir='ltr'>De</span> <span class='ocrx_word' id='word_1_182' title='bbox 625 2881 764 2964; x_wconf 89' lang='lat' dir='ltr'>Christo,</span> <span class='ocrx_word' id='word_1_183' title='bbox 792 2883 996 2947; x_wconf 91' lang='lat' dir='ltr'>conclusione</span> <span class='ocrx_word' id='word_1_184' title='bbox 1017 2883 1115 2960; x_wconf 83' lang='lat' dir='ltr'>Vlll⁸,</span> <span class='ocrx_word' id='word_1_185' title='bbox 1138 2881 1269 2946; x_wconf 90' lang='lat' dir='ltr'>articulo</span> <span class='ocrx_word' id='word_1_186' title='bbox 1293 2882 1357 2964; x_wconf 81' lang='lat'>111⁰,</span> 
     </span>
     <span class='ocr_line' id='line_1_25' title="bbox 379 2985 1357 3072; baseline -0.001 -24"><span class='ocrx_word' id='word_1_187' title='bbox 379 2985 467 3070; x_wconf 91' lang='lat' dir='ltr'>quod</span> <span class='ocrx_word' id='word_1_188' title='bbox 480 2988 534 3050; x_wconf 84' lang='lat' dir='ltr'>itte</span> <span class='ocrx_word' id='word_1_189' title='bbox 549 2997 596 3050; x_wconf 85' lang='lat' dir='ltr'>est</span> <span class='ocrx_word' id='word_1_190' title='bbox 610 2986 743 3050; x_wconf 90' lang='lat' dir='ltr'>ultimus</span> <span class='ocrx_word' id='word_1_191' title='bbox 754 2987 839 3072; x_wconf 71' lang='lat' dir='ltr'>fiatis</span> <span class='ocrx_word' id='word_1_192' title='bbox 854 2987 899 3051; x_wconf 91' lang='lat' dir='ltr'>ad</span> <span class='ocrx_word' id='word_1_193' title='bbox 913 3009 1005 3071; x_wconf 87' lang='lat' dir='ltr'>quem</span> <span class='ocrx_word' id='word_1_194' title='bbox 1024 2988 1222 3070; x_wconf 81' lang='lat' dir='ltr'>producitur</span> <span class='ocrx_word' id='word_1_195' title='bbox 1243 2994 1357 3050; x_wconf 87' lang='lat' dir='ltr'>sancta</span> 
     </span>
     <span class='ocr_line' id='line_1_26' title="bbox 380 3090 1400 3175; baseline -0.002 -25"><span class='ocrx_word' id='word_1_196' title='bbox 380 3100 485 3154; x_wconf 87' lang='lat' dir='ltr'>mater</span> <span class='ocrx_word' id='word_1_197' title='bbox 506 3092 640 3155; x_wconf 88' lang='lat' dir='ltr'>ecclesia</span> <span class='ocrx_word' id='word_1_198' title='bbox 650 3111 716 3173; x_wconf 83' lang='lat' dir='ltr'>per</span> <span class='ocrx_word' id='word_1_199' title='bbox 725 3095 913 3175; x_wconf 87' lang='lat' dir='ltr'>passionem</span> <span class='ocrx_word' id='word_1_200' title='bbox 933 3091 1054 3155; x_wconf 78' lang='lat' dir='ltr'>Christi</span> <span class='ocrx_word' id='word_1_201' title='bbox 1061 3111 1128 3175; x_wconf 83' lang='lat' dir='ltr'>pro</span> <span class='ocrx_word' id='word_1_202' title='bbox 1143 3102 1227 3154; x_wconf 91' lang='lat' dir='ltr'>statu</span> <span class='ocrx_word' id='word_1_203' title='bbox 1237 3090 1358 3173; x_wconf 83' lang='lat' dir='ltr'>patrie,</span> <span class='ocrx_word' id='word_1_204' title='bbox 1370 3098 1400 3149; x_wconf 80' lang='grc'><strong>15</strong></span> 
     </span>
     <span class='ocr_line' id='line_1_27' title="bbox 381 3197 1358 3281; baseline 0 -23"><span class='ocrx_word' id='word_1_205' title='bbox 381 3216 442 3259; x_wconf 87' lang='lat' dir='ltr'>non</span> <span class='ocrx_word' id='word_1_206' title='bbox 466 3206 570 3259; x_wconf 90' lang='lat' dir='ltr'>autem</span> <span class='ocrx_word' id='word_1_207' title='bbox 589 3215 655 3278; x_wconf 88' lang='lat' dir='ltr'>pro</span> <span class='ocrx_word' id='word_1_208' title='bbox 677 3207 761 3259; x_wconf 89' lang='lat' dir='ltr'>statu</span> <span class='ocrx_word' id='word_1_209' title='bbox 784 3200 850 3278; x_wconf 75' lang='lat' dir='ltr'>uie3</span> <span class='ocrx_word' id='word_1_210' title='bbox 873 3200 906 3260; x_wconf 87' lang='lat' dir='ltr'>in</span> <span class='ocrx_word' id='word_1_211' title='bbox 931 3217 993 3281; x_wconf 87' lang='lat' dir='ltr'>quo</span> <span class='ocrx_word' id='word_1_212' title='bbox 1015 3197 1045 3260; x_wconf 85' lang='lat' dir='ltr'>si</span> <span class='ocrx_word' id='word_1_213' title='bbox 1067 3197 1257 3274; x_wconf 85' lang='lat' dir='ltr'>dixerimus,</span> <span class='ocrx_word' id='word_1_214' title='bbox 1281 3198 1358 3279; x_wconf 83' lang='lat' dir='ltr'>quia</span> 
     </span>
     <span class='ocr_line' id='line_1_28' title="bbox 375 3300 1359 3384; baseline 0.001 -22"><span class='ocrx_word' id='word_1_215' title='bbox 375 3310 511 3381; x_wconf 87' lang='lat' dir='ltr'>peccata</span> <span class='ocrx_word' id='word_1_216' title='bbox 533 3319 598 3362; x_wconf 87' lang='lat' dir='ltr'>uon</span> <span class='ocrx_word' id='word_1_217' title='bbox 616 3300 779 3383; x_wconf 79' lang='lat' dir='ltr'>habemus,</span> <span class='ocrx_word' id='word_1_218' title='bbox 804 3321 862 3364; x_wconf 85' lang='lat' dir='ltr'>uos</span> <span class='ocrx_word' id='word_1_219' title='bbox 878 3302 964 3384; x_wconf 85' lang='lat' dir='ltr'>ipsos</span> <span class='ocrx_word' id='word_1_220' title='bbox 978 3301 1180 3379; x_wconf 87' lang='lat' dir='ltr'>seducimus,·</span> <span class='ocrx_word' id='word_1_221' title='bbox 1195 3310 1226 3364; x_wconf 88' lang='lat' dir='ltr'>et</span> <span class='ocrx_word' id='word_1_222' title='bbox 1241 3302 1359 3365; x_wconf 81' lang='lat' dir='ltr'>ueritas</span> 
     </span>
     <span class='ocr_line' id='line_1_29' title="bbox 380 3404 1354 3490; baseline 0.004 -23"><span class='ocrx_word' id='word_1_223' title='bbox 380 3404 413 3467; x_wconf 87' lang='lat' dir='ltr'>iu</span> <span class='ocrx_word' id='word_1_224' title='bbox 437 3405 526 3467; x_wconf 84' lang='lat' dir='ltr'>nobis</span> <span class='ocrx_word' id='word_1_225' title='bbox 548 3424 611 3466; x_wconf 84' lang='lat' dir='ltr'>uon</span> <span class='ocrx_word' id='word_1_226' title='bbox 634 3414 682 3468; x_wconf 88' lang='lat' dir='ltr'>est</span> <span class='ocrx_word' id='word_1_227' title='bbox 718 3404 767 3488; x_wconf 93' lang='lat' dir='ltr'>(ut</span> <span class='ocrx_word' id='word_1_228' title='bbox 797 3405 910 3469; x_wconf 90' lang='lat' dir='ltr'>dicitur</span> <span class='ocrx_word' id='word_1_229' title='bbox 933 3405 1131 3468; x_wconf 79' lang='lat' dir='ltr'>1⁸10hannts</span> <span class='ocrx_word' id='word_1_230' title='bbox 1158 3405 1186 3467; x_wconf 79' lang='grc' dir='ltr'>1ο</span> <span class='ocrx_word' id='word_1_231' title='bbox 1209 3426 1287 3490; x_wconf 84' lang='lat' dir='ltr'>cap,</span> <span class='ocrx_word' id='word_1_232' title='bbox 1311 3405 1354 3489; x_wconf 88' lang='lat'>8).</span> 
     </span>
     <span class='ocr_line' id='line_1_30' title="bbox 380 3507 1357 3595; baseline 0.002 -23"><span class='ocrx_word' id='word_1_233' title='bbox 380 3508 471 3572; x_wconf 88' lang='lat' dir='ltr'>Unde</span> <span class='ocrx_word' id='word_1_234' title='bbox 505 3507 603 3572; x_wconf 89' lang='lat' dir='ltr'>miror</span> <span class='ocrx_word' id='word_1_235' title='bbox 636 3528 702 3594; x_wconf 94' lang='lat' dir='ltr'>quo</span> <span class='ocrx_word' id='word_1_236' title='bbox 734 3509 844 3593; x_wconf 89' lang='lat' dir='ltr'>spiritu</span> <span class='ocrx_word' id='word_1_237' title='bbox 876 3529 935 3571; x_wconf 90' lang='lat' dir='ltr'>nos</span> <span class='ocrx_word' id='word_1_238' title='bbox 969 3510 1022 3595; x_wconf 91' lang='lat' dir='ltr'>qui</span> <span class='ocrx_word' id='word_1_239' title='bbox 1055 3531 1165 3574; x_wconf 89' lang='lat' dir='ltr'>sumus</span> <span class='ocrx_word' id='word_1_240' title='bbox 1187 3510 1357 3594; x_wconf 78' lang='lat' dir='ltr'>pregravati</span> 
     </span>
     <span class='ocr_line' id='line_1_31' title="bbox 380 3612 1432 3708; baseline 0.004 -33"><span class='ocrx_word' id='word_1_241' title='bbox 380 3614 502 3676; x_wconf 88' lang='lat' dir='ltr'>macula</span> <span class='ocrx_word' id='word_1_242' title='bbox 524 3613 665 3677; x_wconf 89' lang='lat' dir='ltr'>mortalis</span> <span class='ocrx_word' id='word_1_243' title='bbox 686 3614 805 3697; x_wconf 89' lang='lat' dir='ltr'>peccati</span> <span class='ocrx_word' id='word_1_244' title='bbox 829 3628 860 3677; x_wconf 91' lang='lat' dir='ltr'>et</span> <span class='ocrx_word' id='word_1_245' title='bbox 881 3634 960 3696; x_wconf 83' lang='lat' dir='ltr'>ruga</span> <span class='ocrx_word' id='word_1_246' title='bbox 974 3612 1121 3679; x_wconf 74' lang='lat' dir='ltr'>ve*nialis</span> <span class='ocrx_word' id='word_1_247' title='bbox 1143 3616 1356 3699; x_wconf 85' lang='lat' dir='ltr'>presumimus</span> <span class='ocrx_word' id='word_1_248' title='bbox 1370 3633 1432 3708; x_wconf 74' lang='lat'>139·</span> 
     </span>
     <span class='ocr_line' id='line_1_32' title="bbox 381 3716 1357 3803; baseline 0.006 -25"><span class='ocrx_word' id='word_1_249' title='bbox 381 3716 447 3779; x_wconf 88' lang='lat' dir='ltr'>sine</span> <span class='ocrx_word' id='word_1_250' title='bbox 469 3717 665 3782; x_wconf 87' lang='lat' dir='ltr'>revelacione</span> <span class='ocrx_word' id='word_1_251' title='bbox 687 3717 811 3801; x_wconf 91' lang='lat' dir='ltr'>speciali</span> <span class='ocrx_word' id='word_1_252' title='bbox 836 3717 975 3782; x_wconf 89' lang='lat' dir='ltr'>lrontose</span> <span class='ocrx_word' id='word_1_253' title='bbox 990 3740 1124 3782; x_wconf 87' lang='lat' dir='ltr'>asserere</span> <span class='ocrx_word' id='word_1_254' title='bbox 1145 3721 1232 3803; x_wconf 92' lang='lat' dir='ltr'>quod</span> <span class='ocrx_word' id='word_1_255' title='bbox 1248 3741 1357 3784; x_wconf 88' lang='lat' dir='ltr'>sumus</span> 
     </span>
     <span class='ocr_line' id='line_1_33' title="bbox 383 3822 1358 3908; baseline 0.006 -25"><span class='ocrx_word' id='word_1_256' title='bbox 383 3822 522 3884; x_wconf 89' lang='lat' dir='ltr'>membra</span> <span class='ocrx_word' id='word_1_257' title='bbox 554 3822 636 3884; x_wconf 89' lang='lat' dir='ltr'>illius</span> <span class='ocrx_word' id='word_1_258' title='bbox 668 3823 805 3886; x_wconf 90' lang='lat' dir='ltr'>ecclesie.</span> <span class='ocrx_word' id='word_1_259' title='bbox 831 3823 871 3887; x_wconf 88' lang='lat' dir='ltr'>Et</span> <span class='ocrx_word' id='word_1_260' title='bbox 892 3822 917 3884; x_wconf 90' lang='lat' dir='ltr'>si</span> <span class='ocrx_word' id='word_1_261' title='bbox 942 3824 1063 3887; x_wconf 89' lang='lat' dir='ltr'>dicatur</span> <span class='ocrx_word' id='word_1_262' title='bbox 1092 3825 1180 3908; x_wconf 90' lang='lat' dir='ltr'>quod</span> <span class='ocrx_word' id='word_1_263' title='bbox 1207 3823 1265 3888; x_wconf 89' lang='lat' dir='ltr'>ista</span> <span class='ocrx_word' id='word_1_264' title='bbox 1293 3847 1358 3890; x_wconf 89' lang='lat' dir='ltr'>non</span> 
     </span>
    </p>
   </div>
   <div class='ocr_carea' id='block_1_5' title="bbox 382 3926 1358 4012">
    <p class='ocr_par' dir='ltr' id='par_1_6' title="bbox 382 3926 1358 4012">
     <span class='ocr_line' id='line_1_34' title="bbox 382 3926 1358 4012; baseline 0.006 -25"><span class='ocrx_word' id='word_1_265' title='bbox 382 3940 456 3989; x_wconf 88' lang='lat' dir='ltr'>sunt</span> <span class='ocrx_word' id='word_1_266' title='bbox 476 3926 570 3989; x_wconf 83' lang='lat' dir='ltr'>verba</span> <span class='ocrx_word' id='word_1_267' title='bbox 592 3926 660 3989; x_wconf 93' lang='lat' dir='ltr'>sine</span> <span class='ocrx_word' id='word_1_268' title='bbox 681 3926 818 4009; x_wconf 91' lang='lat' dir='ltr'>racione,</span> <span class='ocrx_word' id='word_1_269' title='bbox 856 3927 998 4011; x_wconf 84' lang='lat' dir='ltr'>arguitur</span> <span class='ocrx_word' id='word_1_270' title='bbox 1030 3949 1067 3991; x_wconf 87' lang='lat' dir='ltr'>ex</span> <span class='ocrx_word' id='word_1_271' title='bbox 1093 3927 1254 4012; x_wconf 91' lang='lat' dir='ltr'>principiis</span> <span class='ocrx_word' id='word_1_272' title='bbox 1287 3928 1358 3993; x_wconf 88' lang='lat' dir='ltr'>fidei</span> 
     </span>
    </p>
   </div>
   <div class='ocr_carea' id='block_1_6' title="bbox 1455 2857 1464 2889">
    <p class='ocr_par' dir='ltr' id='par_1_7' title="bbox 1455 2857 1464 2889">
     <span class='ocr_line' id='line_1_35' title="bbox 1455 2857 1464 2889; baseline 0 0"><span class='ocrx_word' id='word_1_273' title='bbox 1455 2857 1464 2889; x_wconf 84' lang='grc' dir='ltr'><strong><em>Ι</em></strong></span> 
     </span>
    </p>
   </div>
   <div class='ocr_carea' id='block_1_7' title="bbox 380 4075 1360 4196">
    <p class='ocr_par' dir='ltr' id='par_1_8' title="bbox 380 4075 1360 4196">
     <span class='ocr_line' id='line_1_36' title="bbox 424 4075 1360 4135; baseline 0.003 -12"><span class='ocrx_word' id='word_1_274' title='bbox 424 4089 455 4123; x_wconf 85' lang='grc'>11.</span> <span class='ocrx_word' id='word_1_275' title='bbox 469 4077 490 4122; x_wconf 84' lang='grc' dir='ltr'><strong>Α</strong></span> <span class='ocrx_word' id='word_1_276' title='bbox 505 4077 529 4122; x_wconf 80' lang='lat' dir='ltr'>ia</span> <span class='ocrx_word' id='word_1_277' title='bbox 542 4089 629 4135; x_wconf 62' lang='lat' dir='ltr'>marne</span> <span class='ocrx_word' id='word_1_278' title='bbox 645 4076 733 4124; x_wconf 76' lang='lat' dir='ltr'>Fieclo.</span> <span class='ocrx_word' id='word_1_279' title='bbox 786 4079 818 4126; x_wconf 78' lang='lat'>23.</span> <span class='ocrx_word' id='word_1_280' title='bbox 834 4080 855 4124; x_wconf 83' lang='grc' dir='ltr'><strong>Α</strong></span> <span class='ocrx_word' id='word_1_281' title='bbox 869 4078 893 4124; x_wconf 88' lang='lat' dir='ltr'>ia</span> <span class='ocrx_word' id='word_1_282' title='bbox 907 4090 994 4134; x_wconf 61' lang='lat' dir='ltr'>marga</span> <span class='ocrx_word' id='word_1_283' title='bbox 1008 4075 1034 4124; x_wconf 83' lang='lat' dir='ltr'>S.</span> <span class='ocrx_word' id='word_1_284' title='bbox 1048 4076 1163 4124; x_wconf 80' lang='grc' dir='ltr'><strong>Τ11ο11111.</strong></span> <span class='ocrx_word' id='word_1_285' title='bbox 1217 4079 1254 4126; x_wconf 80' lang='lat'>2⁶.</span> <span class='ocrx_word' id='word_1_286' title='bbox 1269 4079 1299 4124; x_wconf 79' lang='lat' dir='ltr'>lis</span> <span class='ocrx_word' id='word_1_287' title='bbox 1314 4091 1360 4126; x_wconf 85' lang='lat' dir='ltr'>noa</span> 
     </span>
     <span class='ocr_line' id='line_1_37' title="bbox 380 4143 1014 4196; baseline 0.005 -4"><span class='ocrx_word' id='word_1_288' title='bbox 380 4155 426 4193; x_wconf 83' lang='grc'><strong>1111,</strong></span> <span class='ocrx_word' id='word_1_289' title='bbox 492 4143 528 4192; x_wconf 78' lang='lat'>30.</span> <span class='ocrx_word' id='word_1_290' title='bbox 542 4146 630 4194; x_wconf 62' lang='lat' dir='ltr'>Cadme</span> <span class='ocrx_word' id='word_1_291' title='bbox 643 4149 727 4195; x_wconf 70' lang='lat' dir='ltr'>renata</span> <span class='ocrx_word' id='word_1_292' title='bbox 805 4147 838 4196; x_wconf 80' lang='grc'>31.</span> <span class='ocrx_word' id='word_1_293' title='bbox 853 4148 885 4195; x_wconf 75' lang='lat' dir='ltr'>B:</span> <span class='ocrx_word' id='word_1_294' title='bbox 899 4155 1014 4195; x_wconf 82' lang='lat' dir='ltr'>asserunt.</span> 
     </span>
    </p>
   </div>
   <div class='ocr_carea' id='block_1_8' title="bbox 383 4271 1359 4432">
    <p class='ocr_par' dir='ltr' id='par_1_9' title="bbox 383 4271 1359 4432">
     <span class='ocr_line' id='line_1_38' title="bbox 427 4271 1359 4345; baseline 0.003 -23"><span class='ocrx_word' id='word_1_295' title='bbox 427 4271 465 4325; x_wconf 92' lang='grc'>15.</span> <span class='ocrx_word' id='word_1_296' title='bbox 484 4271 524 4324; x_wconf 87' lang='lat' dir='ltr'>Cl.</span> <span class='ocrx_word' id='word_1_297' title='bbox 540 4271 662 4326; x_wconf 69' lang='lat' dir='ltr'>nomae</span> <span class='ocrx_word' id='word_1_298' title='bbox 690 4273 759 4345; x_wconf 91' lang='lat' dir='ltr'>Opp.</span> <span class='ocrx_word' id='word_1_299' title='bbox 777 4287 842 4328; x_wconf 86' lang='lat' dir='ltr'>tom.</span> <span class='ocrx_word' id='word_1_300' title='bbox 862 4275 894 4340; x_wconf 85' lang='lat' dir='ltr'>V,</span> <span class='ocrx_word' id='word_1_301' title='bbox 920 4275 960 4340; x_wconf 85' lang='grc'>51,</span> <span class='ocrx_word' id='word_1_302' title='bbox 985 4273 1026 4327; x_wconf 79' lang='grc'><strong>51.</strong></span> <span class='ocrx_word' id='word_1_303' title='bbox 1133 4274 1173 4327; x_wconf 82' lang='grc'><strong>15.</strong></span> <span class='ocrx_word' id='word_1_304' title='bbox 1192 4272 1359 4335; x_wconf 60' lang='lat' dir='ltr'>amoma:</span> 
     </span>
     <span class='ocr_line' id='line_1_39' title="bbox 383 4357 1242 4432; baseline 0.006 -21"><span class='ocrx_word' id='word_1_305' title='bbox 383 4359 458 4411; x_wconf 87' lang='lat' dir='ltr'>Unde</span> <span class='ocrx_word' id='word_1_306' title='bbox 476 4357 527 4411; x_wconf 88' lang='lat' dir='ltr'>hoc</span> <span class='ocrx_word' id='word_1_307' title='bbox 544 4361 592 4412; x_wconf 86' lang='lat' dir='ltr'>erit</span> <span class='ocrx_word' id='word_1_308' title='bbox 608 4357 637 4411; x_wconf 89' lang='lat' dir='ltr'>in</span> <span class='ocrx_word' id='word_1_309' title='bbox 655 4371 723 4413; x_wconf 83' lang='lat' dir='ltr'>statu</span> <span class='ocrx_word' id='word_1_310' title='bbox 740 4364 848 4432; x_wconf 81' lang='lat' dir='ltr'>patriae,</span> <span class='ocrx_word' id='word_1_311' title='bbox 866 4378 921 4415; x_wconf 88' lang='lat' dir='ltr'>non</span> <span class='ocrx_word' id='word_1_312' title='bbox 939 4374 1027 4416; x_wconf 84' lang='lat' dir='ltr'>autem</span> <span class='ocrx_word' id='word_1_313' title='bbox 1046 4364 1072 4415; x_wconf 89' lang='lat' dir='ltr'>lu</span> <span class='ocrx_word' id='word_1_314' title='bbox 1091 4363 1242 4416; x_wconf 81' lang='lat' dir='ltr'>statariae.</span> 
     </span>
    </p>
   </div>
   <div class='ocr_carea' id='block_1_9' title="bbox 0 0 1649 5226">
    <p class='ocr_par' dir='ltr' id='par_1_10' title="bbox 0 0 1649 5226">
     <span class='ocr_line' id='line_1_40' title="bbox 0 0 1649 5226; baseline 0 0"><span class='ocrx_word' id='word_1_315' title='bbox 0 0 1649 5226; x_wconf 95' lang='lat' dir='ltr'> </span> 
     </span>
    </p>
   </div>
  </div>
 </body>
</html>
