3262 5226
402 494 472 543 cnr.
483 476 534 569 tx}
777 494 824 547 DE
843 492 1019 546 ecclesis.
1550 503 1610 568 ¹97

292 676 392 731 ossi·
445 655 578 720 Constat
591 653 722 738 quidem
732 672 769 716 ex
778 665 962 716 testimonio
976 649 1127 735 scripture
1143 651 1368 716 YssieV⁹s
1288 671 1381 735 ,s,s,

401 759 567 846 quomodo
588 755 718 822 ecclesia
741 753 798 819 Dei
822 768 868 819 est
889 755 995 835 vinea,
1023 755 1100 817 dum
1128 753 1222 819 stillat
1243 776 1262 820 a
1282 755 1381 821 botris
1390 768 1609 869 fflil'ffim'

402 863 502 949 plenis
532 861 607 925 vino
638 859 794 945 sapiencie
832 858 1006 922 docuinam
1051 857 1122 922 fidei
1154 857 1305 943 scripture
1341 864 1382 926 ad
1434 874 1566 934 esayas.

403 967 601 1031 nutriendam
637 965 737 1028 vitam
776 963 928 1045 fidelium,
971 977 1008 1028 ut
1041 976 1128 1048 patet
1157 984 1194 1027 ex
1230 985 1381 1050 processu

378 1070 523 1141 §Cantici
547 1068 753 1151 canticorum,
784 1069 872 1154 quod
900 1067 925 1131 si
959 1068 1000 1131 ab
1022 1067 1083 1132 isto
1111 1066 1218 1134 officio
1247 1069 1383 1136 declinat

403 1176 441 1238 ad
465 1175 616 1256 seculum,
643 1188 719 1237 tunc
741 1191 838 1237 soror
860 1182 972 1236 nostra
990 1173 1148 1255 parvula,
1173 1194 1237 1238 non
1259 1175 1383 1239 labens

403 1281 515 1359 ubera,
531 1300 617 1342 versa
630 1293 676 1343 est
691 1277 724 1341 in
735 1292 842 1342 ortum
855 1277 988 1344 olerum
1008 1276 1109 1342 Olera
1120 1278 1204 1341 essisss
1216 1275 1267 1364 (ut
1281 1279 1383 1363 tangis

401 1381 599 1465 Augustinus
631 1401 726 1465 super
752 1380 915 1444 Psalmum
937 1378 1125 1466 XXXVlm)
1152 1385 1315 1449 virescant
1346 1385 1380 1449 iss

402 1487 526 1573 lsyeme,
559 1486 590 1549 in
622 1495 723 1550 estate
754 1496 860 1550 autem
895 1499 1024 1570 propter
1051 1484 1209 1551 deiectum
1239 1486 1380 1552 radicum

363 1625 394 1662 1ο
404 1599 627 1669 marcescunt,·
654 1604 784 1655 etcum
806 1591 982 1654 secundum
1005 1589 1162 1655 naturales
1182 1592 1286 1656 caules
1307 1606 1383 1658 sunt

403 1696 497 1760 herbe
519 1695 613 1758 nimis
637 1695 853 1777 melancolice,
880 1708 1063 1778 generantes
1092 1695 1260 1759 humorem
1286 1709 1381 1762 terre·

403 1815 508 1881 strem,
539 1815 669 1885 propter
696 1800 785 1884 quod
808 1820 826 1862 a
848 1798 955 1863 bestiis
977 1798 1190 1863 melancolicis
1212 1815 1247 1865 ut
1268 1800 1382 1887 bobus,

402 1905 561 1989 leporibus
594 1919 625 1968 ct
658 1904 815 1967 similibus
846 1904 926 1967 adeo
965 1919 1040 1969 sunt
1070 1916 1184 1986 amate,
1222 1903 1383 1991 signanter

401 2009 525 2094 signant
558 2009 681 2072 mundo
713 2008 837 2072 deditos
859 2008 912 2094 qui
935 2008 1094 2074 virescunt
1124 2008 1157 2072 in
1181 2030 1274 2095 yeme
1295 2030 1382 2095 pere·

363 2112 599 2196 rigrirsacionis,
634 2112 852 2194 refrigescente
883 2112 1012 2177 caritate
1043 2113 1229 2195 multorum,
1261 2116 1317 2179 sed
1345 2114 1379 2179 in

403 2233 499 2282 estate
521 2218 581 2280 diei
606 2217 777 2281 novissime
792 2233 922 2302 propter
941 2217 1101 2282 deiectum
1123 2218 1325 2284 radicationis
1346 2219 1380 2284 in

403 2322 530 2387 Christo
553 2343 590 2385 ex
619 2324 729 2386 ardore
752 2323 828 2387 solis
851 2321 971 2386 iusticie
994 2338 1197 2404 evanescunt;
1227 2323 1282 2386 sed
1305 2338 1381 2390 tunc

403 2427 509 2490 fideles
531 2427 563 2489 in
586 2428 714 2491 caritate
739 2426 859 2491 fundati
883 2448 1022 2512 quorum
1043 2426 1107 2490 vita
1128 2427 1310 2492 abscondita
1333 2442 1381 2494 est

402 2552 477 2594 cunr
492 2529 629 2613 Christo,
652 2553 725 2596 cunr
742 2546 850 2615 pastor
864 2553 977 2596 eorum
993 2530 1181 2616 apparuerit,
1196 2530 1379 2598 enitescunt.

361 2636 670 2719 20Canticorum110,
686 2659 694 2700 1
709 2659 734 2719 1,
744 2637 901 2700 scribitur:
917 2637 992 2699 lans
1004 2638 1219 2720 enimyemps
1234 2639 1376 2719 transiit,

390 2741 515 2823 ymber
537 2742 616 2805 abiit
637 2751 668 2805 et
692 2742 832 2820 recessit,
849 2740 959 2821 flores
981 2752 1209 2826 apparuerunt
1230 2743 1380 2808 interra

401 2856 524 2923 nostra,
540 2856 667 2929 ternpus
676 2844 866 2927 putaciosris
881 2843 1022 2922 advenit,
1038 2866 1103 2909 vox
1115 2847 1254 2910 turturis
1267 2846 1380 2910 audita

399 2959 446 3013 est
467 2951 500 3014 irs
522 2962 613 3014 terra
629 2960 754 3023 nostra,
766 2947 859 3031 ficus
870 2949 1009 3031 protulit
1021 2967 1156 3035 grossos
1176 2969 1265 3030 suos,
1286 2952 1380 3017 vinee

389 3055 555 3135 florentes
585 3051 745 3115 dederunt
775 3052 907 3116 odorem
940 3073 1045 3120 suum.
1087 3054 1241 3134 Quamvis
1271 3069 1377 3120 autern

358 3168 389 3220 25
402 3157 478 3220 illud
515 3155 735 3240 epitalamium
774 3156 968 3221 verificatum
1006 3173 1053 3222 est
1087 3160 1126 3222 ad
1157 3159 1278 3224 literam
1318 3182 1377 3244 pro

399 3276 541 3343 tempore
552 3260 780 3324 incarnacionis
791 3282 899 3345 sponsi
892 3261 1049 3345 ecclesie,
1065 3277 1170 3327 tamen
1187 3264 1378 3347 pertinenter

375 3377 430 3428 tet
451 3386 522 3429 sere
544 3365 605 3428 dici
620 3379 727 3449 potest
746 3388 804 3450 pro
820 3382 917 3430 estate
940 3366 1000 3430 diei
1024 3367 1140 3431 iudicii.
1150 3369 1270 3431 Primo
1291 3368 1376 3431 enim
1384 3372 1606 3476 ”wisatum

400 3485 541 3553 tempore
572 3473 724 3554 processit
757 3489 882 3557 tempus
912 3494 1046 3537 vernum
1078 3474 1217 3555 ecclesie,
1247 3474 1376 3560 quando
1444 3442 1580 3530 Classisy

331 3580 388 3636 156
399 3572 578 3658 apparuit
592 3577 694 3660 gracia
710 3592 742 3641 et
757 3579 868 3641 caritas
884 3578 983 3641 solis'
975 3578 1108 3660 iusticie,
1131 3577 1239 3664 lugato
1262 3578 1376 3662 frigore

357 3690 389 3742 30
399 3680 532 3743 brumali
553 3683 592 3744 ab
608 3683 747 3764 ecclesia,
771 3683 922 3747 instructa
937 3705 954 3746 a
970 3704 1089 3767 sponso
1105 3705 1223 3768 ponere
1237 3682 1377 3748 animam

437 3913 453 3944 s.
468 3902 490 3945 A
504 3901 527 3944 in
542 3913 626 3957 marga
641 3902 772 3959 Quomodo
786 3906 885 3951 ecclesia
900 3905 1060 3951 dicitursines
1070 3907 1221 3964 ecquomodo
1234 3905 1378 3951 convertitur

397 3970 421 4013 in
436 3979 512 4014 ortutn
526 3972 624 4016 olerum.
638 3973 672 4016 A:
687 3973 717 4016 ls.
732 3972 774 4018 tv.
864 3987 884 4030 7.
900 3977 919 4020 Α
935 3976 958 4020 in
974 3988 1064 4032 marg:
1077 3976 1231 4033 Augustinus.
1317 3987 1341 4034 7.
1354 3978 1378 4021 Α

396 4039 420 4081 in
435 4050 522 4096 marg:
537 4039 608 4094 Olus3
623 4040 640 4084 li
656 4043 679 4086 in
689 4056 756 4100 marg
774 4057 836 4089 man.
848 4045 899 4089 ains
915 4045 1011 4090 Oleruns
1026 4046 1188 4102 proprietates.
1202 4047 1232 4103 Α,
1250 4045 1275 4091 ia
1289 4058 1376 4101 marg-s

397 4108 456 4151 Olus
466 4116 500 4152 est
513 4108 585 4153 lrcrbs
599 4110 750 4157 melancolica
764 4126 810 4170 quc
824 4114 900 4169 signat
916 4114 1006 4159 mundo
1021 4113 1121 4173 deditos,
1136 4122 1158 4160 ct
1171 4115 1225 4161 idco
1238 4114 1376 4161 Theotunlel

397 4188 438 4231 pre
453 4178 504 4221 aliis
518 4180 625 4232 gentibus
640 4183 766 4228 comedunt
781 4184 841 4238 olus,
855 4184 910 4240 quis
922 4184 974 4239 pius
988 4192 1042 4229 sunt
1055 4185 1145 4230 mundo
1154 4193 1176 4231 et
1185 4182 1283 4230 eserieie
1297 4184 1376 4230 deditl.

395 4256 424 4289 11.
439 4248 473 4290 Aa
490 4248 650 4294 matencotiee.
759 4263 792 4309 ¹9·
807 4254 829 4297 Α
843 4253 887 4308 ms
902 4251 1018 4310 apparuit.

439 4405 462 4456 5.
481 4405 554 4456 Cant.
573 4407 672 4459 cantic.
692 4409 759 4474 vill,
777 4408 803 4460 8.
901 4409 926 4463 8.
945 4412 1039 4463 Sermo
1057 4409 1076 4463 l.
1095 4412 1166 4482 Opp.
1183 4412 1227 4479 lv,
1248 4429 1271 4478 1,
1288 4429 1314 4482 p.
1334 4427 1374 4486 ²9·
