3262 5226
615 288 788 345 ronanus
801 286 952 343 wrcur.
1126 260 1288 355 [cmm

295 452 379 519 Nem
401 462 594 537 perpetum
613 444 806 513 elemoeinee
827 458 877 529 eet
897 440 1230 530 Chrirm'prnprium,
1249 452 1404 510 enredo

297 554 387 643 qnod
408 568 458 621 eet
479 550 644 629 domium,
665 546 854 636 eimpliciter
866 548 1019 615 martem
1032 543 1123 613 omni
1138 543 1291 629 tempori,

298 672 416 747 potent
435 654 608 725 iuetihoere
628 652 900 731 elemoeinerium,
926 673 947 718 a
969 672 1035 740 qua
1059 648 1292 716 luctificecione

299 762 402 851 Gnate
421 762 506 829 dicta
518 756 670 847 proximo
683 752 843 847 capitulo)
856 758 1017 843 dependet
1030 754 1174 821 humana
1187 754 1291 818 done·

299 864 365 951 cio;
386 880 421 933 et
440 865 486 931 eic
507 878 556 931 eet
569 864 612 929 de
625 861 826 929 eumeeaione
840 858 1029 929 hereditaria
1049 860 1089 925 de
1103 879 1169 946 qua
1183 857 1318 928 minues

298 970 432 1037 videaur.
455 969 525 1037 Deo
546 967 636 1035 euim
656 981 705 1034 ent
726 964 897 1053 proprium
915 964 1049 1032 heredes
1070 964 1105 1029 in
1127 961 1293 1049 perpetui·

298 1088 363 1141 tete
395 1072 606 1141 succerionis
634 1070 823 1137 hereditarie
853 1070 1000 1136 limitare.
1032 1069 1128 1137 Unde
1155 1066 1296 1133 creditur
1396 1078 1401 1085 '

299 1177 388 1265 quod
409 1176 504 1245 multi
526 1176 698 1243 lundentee
719 1172 912 1242 elemoeinee
934 1171 1162 1239 nominetenus
1177 1190 1293 1257 perpe·

298 1296 372 1349 tuee
400 1280 436 1346 in
466 1301 588 1367 penem
616 1300 674 1347 cue
704 1277 855 1365 euperhie
884 1297 905 1393 e
935 1275 1149 1363 perpetuitate
1170 1273 1295 1362 generie

299 1383 490 1451 hereditarie
511 1384 707 1453 deiecerunt.
825 1422 828 1427 ·
1308 1408 1339 1446 ιο

121 1516 267 1672 m
345 1490 382 1555 ln
413 1488 531 1555 talihue
562 1508 640 1576 ergo
661 1487 845 1555 elemoeinie
865 1507 951 1553 unue
977 1464 1126 1573 princepe
1149 1483 1333 1553 conceditn

207 1566 294 1665 ”iil
301 1612 363 1679 pro
393 1614 456 1659 ruo
485 1608 633 1681 tempore
654 1592 874 1659 subintellecta
894 1590 1077 1678 supradicte
1105 1587 1298 1654 condicione

121 1672 335 1787 fimet
365 1698 560 1784 imprecetur
588 1718 686 1765 auum
705 1697 858 1764 heredem
878 1695 924 1761 cic
946 1694 1059 1777 lacere,
1080 1707 1112 1759 et
1134 1715 1173 1759 ex
1200 1694 1297 1759 meri·

304 1801 395 1867 toriie
417 1800 513 1867 donia
532 1802 713 1869 multorum
726 1801 788 1867 eibi
802 1798 1049 1867 succedencium
1063 1818 1140 1864 cum
1153 1797 1299 1883 greciore

304 1903 520 1993 diepoeicione
554 1906 686 1973 materie
723 1904 799 1972 iecit
824 1906 913 1971 Deua
949 1923 1050 1970 unam
1087 1902 1340 1969 elemosinemrs

305 2008 637 2097 perpetum,aau
659 2009 891 2097 arpinatem.
1430 1996 1439 2038 ³

347 2112 442 2181 Unde
462 2113 516 2179 hic
537 2112 673 2181 laetatur
690 2112 871 2199 sophistice
885 2114 976 2200 quod
990 2113 1177 2200 temporalia
1191 2112 1298 2178 domi·

308 2236 369 2283 nue
391 2217 555 2285 meritorie
578 2218 654 2286 lecit
676 2210 887 2284 elemosinam
898 2230 1097 2305 perpetuam,
1109 2239 1185 2284 cum
1202 2216 1299 2283 meri·

307 2320 389 2388 torio
410 2320 505 2389 saciat
525 2338 651 2409 partem
673 2323 751 2390 eiua.
783 2322 849 2388 Sed
869 2321 929 2388 iate
950 2322 1094 2389 obiectur
1116 2343 1185 2388 aon
1212 2322 1301 2389 vadit

309 2442 420 2493 contre
459 2447 591 2493 murum
628 2427 823 2514 expositum,
861 2446 976 2513 ymmo
1014 2427 1041 2492 ei
1077 2427 1224 2513 procedit
1261 2428 1302 2493 de
1311 2451 1345 2491 ιο

190 2542 198 2562 ··
310 2528 451 2596 sectione
481 2530 656 2597 elemoeine
683 2546 838 2618 perpetue
860 2531 1039 2597 secundum
1060 2545 1196 2616 partem,
1219 2551 1302 2619 eque

311 2635 459 2720 probaret
490 2636 580 2722 quod
602 2656 667 2701 una
687 2636 787 2728 vidua
807 2633 1003 2722 paupercule
1024 2635 1099 2721 plue
1121 2635 1237 2702 laceret
1268 2635 1302 2701 in

312 2758 387 2804 caru
409 2737 620 2804 elemoeinem
642 2740 740 2805 talem
761 2753 964 2826 perpetuam,
985 2738 1094 2825 posito
1117 2742 1207 2826 quod
1228 2741 1305 2826 plue

312 2857 470 2908 mereatur
507 2858 543 2909 ut
578 2844 667 2909 Deua
697 2844 906 2910 elemosinam
941 2843 1104 2930 utrimque
1145 2844 1313 2930 perficiet,

314 2968 390 3011 nam
404 2947 434 3011 l⁰
456 2946 701 3014 Corinthiorum
717 2950 784 3032 111⁰,
808 2950 840 3032 6,
862 2949 1025 3015 ecribitur·
1048 2950 1123 3034 Ego
1139 2949 1305 3034 plantavi,
1317 2957 1349 3013 25

314 3052 431 3137 Apollo
453 3054 586 3138 rigavit,
609 3054 670 3120 red
691 3055 784 3121 Deus
806 3056 1042 3120 incrementum
1066 3054 1165 3120 dedit.

121 3176 208 3276 ,ιδιιιι
220 3176 299 3223 urar
359 3157 451 3222 Unde
474 3171 562 3242 patet
584 3159 795 3224 consideranti
818 3158 975 3223 subtiliter
989 3161 1078 3245 quod
1093 3160 1201 3223 nullus
1216 3158 1309 3223 heree

121 3292 218 3382 ppme·
139 3229 301 3326 ¹”¹'⁰,⁰⁸,¹,„,
285 3262 491 3378 procedent
536 3277 611 3347 poet
655 3263 894 3349 progenitorem
931 3263 1098 3327 dotantem
1127 3262 1310 3327 ecclesiam

142 3333 231 3381 “¹⁰¹⁸
318 3380 444 3431 tenetur
456 3370 634 3453 approbare
655 3370 820 3434 fundatam
835 3368 1042 3433 elemosinam
1066 3369 1127 3433 nisi
1149 3390 1188 3433 cx
1210 3368 1310 3433 libera

319 3471 493 3538 voluntate.
516 3474 606 3538 Patet
621 3474 726 3560 primo
743 3473 801 3538 sic.
824 3474 899 3537 Non
920 3486 1046 3537 tenetur
1060 3471 1160 3536 lacere
1176 3473 1333 3558 aliquodl

320 3595 403 3660 opus
424 3577 628 3643 meritorium
649 3579 709 3643 nisi
732 3600 770 3642 ex
792 3578 890 3641 libere
904 3576 1080 3658 voluntate,
1101 3598 1167 3641 non
1183 3591 1312 3642 tenetur

320 3679 364 3745 cic
379 3683 555 3767 approbare
578 3683 637 3746 nisi
653 3683 831 3748 secundum
846 3680 1008 3744 racionem
1023 3681 1130 3765 operia
1146 3681 1312 3766 meritorii,

321 3804 396 3869 ergo
419 3806 486 3850 non
501 3799 627 3852 tenetur
641 3787 685 3851 sic
700 3786 877 3871 approbare
893 3784 952 3848 nisi
968 3805 1006 3848 ex
1022 3786 1119 3849 libera
1135 3787 1312 3852 voluntate.

362 4017 379 4052 ι.
394 4006 547 4065 alinerra
561 4008 696 4056 concludo.
801 4020 824 4065 7.
838 4006 993 4063 Alumerar
1007 4005 1148 4053 Coneloelo.
1237 4008 1268 4055 1³.
1281 4007 1315 4056 lle

323 4083 347 4120 et
365 4075 531 4134 lntcrprctetur
549 4089 628 4125 enum.
733 4091 767 4134 re.
788 4077 820 4124 llr
837 4076 952 4134 preciose.
1059 4088 1091 4135 ¹7·
1111 4078 1135 4123 Α
1148 4075 1166 4121 Β
1180 4076 1205 4123 lu
1224 4088 1315 4134 merga

322 4144 447 4192 tneuaele.
552 4158 583 4194 er.
604 4148 635 4193 ur
656 4161 686 4194 ex
701 4146 816 4195 ieoelom.
921 4156 956 4203 η.
972 4147 1001 4210 Α
1020 4144 1045 4192 ln
1065 4157 1154 4207 merga
1176 4144 1316 4192 medonta.

324 4210 354 4263 31.
369 4213 399 4260 he
413 4214 620 4265 alal-meritorii
633 4217 707 4265 dccet.
742 4237 746 4247 ·
947 4236 952 4247 ·
1092 4258 1096 4265 .
1148 4238 1151 4244 ·
