<?xml version="1.0" encoding="UTF-8"?>
<!DOCTYPE html PUBLIC "-//W3C//DTD XHTML 1.0 Transitional//EN"
    "http://www.w3.org/TR/xhtml1/DTD/xhtml1-transitional.dtd">
<html xmlns="http://www.w3.org/1999/xhtml" xml:lang="en" lang="en">
 <head>
  <title>
</title>
<meta http-equiv="Content-Type" content="text/html;charset=utf-8" />
  <meta name='ocr-system' content='tesseract 3.04.00' />
  <meta name='ocr-capabilities' content='ocr_page ocr_carea ocr_par ocr_line ocrx_word'/>
</head>
<body>
  <div class='ocr_page' id='page_1' title='image "./iohanniswyclift00mattgoog_0055.png"; bbox 0 0 3262 5226; ppageno 0'>
   <div class='ocr_carea' id='block_1_1' title="bbox 730 569 1396 662">
    <p class='ocr_par' dir='ltr' id='par_1_1' title="bbox 730 569 1396 662">
     <span class='ocr_line' id='line_1_1' title="bbox 730 569 1396 662; baseline -0.018 -19"><span class='ocrx_word' id='word_1_1' title='bbox 730 589 897 643; x_wconf 81' lang='lat' dir='ltr'>rouauurs</span> <span class='ocrx_word' id='word_1_2' title='bbox 913 589 1062 645; x_wconf 73' lang='lat' dir='ltr'>wreus.</span> <span class='ocrx_word' id='word_1_3' title='bbox 1143 623 1147 629; x_wconf 86' lang='lat'><em>.</em></span> <span class='ocrx_word' id='word_1_4' title='bbox 1228 632 1231 638; x_wconf 86' lang='lat'>.</span> <span class='ocrx_word' id='word_1_5' title='bbox 1279 569 1362 662; x_wconf 73' lang='lat' dir='ltr'>[car.</span> <span class='ocrx_word' id='word_1_6' title='bbox 1376 585 1396 632; x_wconf 91' lang='grc' dir='ltr'>ι.</span> 
     </span>
    </p>
   </div>
   <div class='ocr_carea' id='block_1_2' title="bbox 413 706 1628 833">
    <p class='ocr_par' dir='ltr' id='par_1_2' title="bbox 413 706 1628 833">
     <span class='ocr_line' id='line_1_2' title="bbox 413 706 1628 833; baseline 0 -24"><span class='ocrx_word' id='word_1_7' title='bbox 413 745 471 812; x_wconf 92' lang='lat' dir='ltr'>ubi</span> <span class='ocrx_word' id='word_1_8' title='bbox 503 745 602 809; x_wconf 93' lang='lat' dir='ltr'>homo</span> <span class='ocrx_word' id='word_1_9' title='bbox 634 744 774 810; x_wconf 89' lang='lat' dir='ltr'>nascitur</span> <span class='ocrx_word' id='word_1_10' title='bbox 803 767 840 809; x_wconf 89' lang='lat' dir='ltr'>ex</span> <span class='ocrx_word' id='word_1_11' title='bbox 871 761 961 811; x_wconf 90' lang='lat' dir='ltr'>utero</span> <span class='ocrx_word' id='word_1_12' title='bbox 993 759 1026 811; x_wconf 90' lang='lat' dir='ltr'>et</span> <span class='ocrx_word' id='word_1_13' title='bbox 1051 747 1223 833; x_wconf 79' lang='lat' dir='ltr'><strong>triumphat</strong></span> <span class='ocrx_word' id='word_1_14' title='bbox 1250 745 1400 831; x_wconf 82' lang='lat' dir='ltr'>gloriose,</span> <span class='ocrx_word' id='word_1_15' title='bbox 1414 765 1515 818; x_wconf 66' lang='grc' dir='ltr'>,3οἯ</span> <span class='ocrx_word' id='word_1_16' title='bbox 1617 706 1628 827; x_wconf 67' lang='lat' dir='ltr'>i</span> 
     </span>
    </p>
   </div>
   <div class='ocr_carea' id='block_1_3' title="bbox 195 849 1631 4173">
    <p class='ocr_par' dir='ltr' id='par_1_3' title="bbox 415 849 1631 2609">
     <span class='ocr_line' id='line_1_3' title="bbox 415 849 1629 937; baseline -0.002 -22"><span class='ocrx_word' id='word_1_17' title='bbox 415 871 535 915; x_wconf 90' lang='lat' dir='ltr'>nomen</span> <span class='ocrx_word' id='word_1_18' title='bbox 550 849 663 913; x_wconf 86' lang='lat' dir='ltr'>abhinc</span> <span class='ocrx_word' id='word_1_19' title='bbox 677 850 844 914; x_wconf 89' lang='lat' dir='ltr'>contrahit.</span> <span class='ocrx_word' id='word_1_20' title='bbox 867 849 953 915; x_wconf 90' lang='lat' dir='ltr'>Cum</span> <span class='ocrx_word' id='word_1_21' title='bbox 976 870 1051 937; x_wconf 90' lang='lat' dir='ltr'>ergo</span> <span class='ocrx_word' id='word_1_22' title='bbox 1066 872 1200 937; x_wconf 86' lang='lat' dir='ltr'>persona</span> <span class='ocrx_word' id='word_1_23' title='bbox 1211 849 1400 916; x_wconf 86' lang='lat' dir='ltr'>&#39;universalis</span> <span class='ocrx_word' id='word_1_24' title='bbox 1611 870 1629 921; x_wconf 74' lang='grc' dir='ltr'>,ξ</span> 
     </span>
     <span class='ocr_line' id='line_1_4' title="bbox 415 928 1629 1043; baseline -0.003 -22"><span class='ocrx_word' id='word_1_25' title='bbox 415 954 544 1021; x_wconf 81' lang='lat' dir='ltr'>ecclesie</span> <span class='ocrx_word' id='word_1_26' title='bbox 570 955 748 1019; x_wconf 87' lang='lat' dir='ltr'>secundum</span> <span class='ocrx_word' id='word_1_27' title='bbox 773 954 889 1019; x_wconf 87' lang='lat' dir='ltr'>multas</span> <span class='ocrx_word' id='word_1_28' title='bbox 916 968 1021 1040; x_wconf 89' lang='lat' dir='ltr'>partes</span> <span class='ocrx_word' id='word_1_29' title='bbox 1043 977 1115 1020; x_wconf 87' lang='lat' dir='ltr'>suas</span> <span class='ocrx_word' id='word_1_30' title='bbox 1137 957 1180 1020; x_wconf 95' lang='lat' dir='ltr'>ibi</span> <span class='ocrx_word' id='word_1_31' title='bbox 1203 958 1399 1037; x_wconf 87' lang='lat' dir='ltr'>nascebatur,</span> <span class='ocrx_word' id='word_1_32' title='bbox 1603 928 1629 1043; x_wconf 77' lang='lat'><em>4</em></span> 
     </span>
     <span class='ocr_line' id='line_1_5' title="bbox 416 1046 1628 1149; baseline -0.002 -25"><span class='ocrx_word' id='word_1_33' title='bbox 416 1075 575 1146; x_wconf 87' lang='lat' dir='ltr'>segregata</span> <span class='ocrx_word' id='word_1_34' title='bbox 590 1080 628 1123; x_wconf 87' lang='lat' dir='ltr'>ex</span> <span class='ocrx_word' id='word_1_35' title='bbox 643 1074 734 1125; x_wconf 90' lang='lat' dir='ltr'>utero</span> <span class='ocrx_word' id='word_1_36' title='bbox 748 1081 918 1146; x_wconf 81' lang='lat' dir='ltr'><strong>synagoge,</strong></span> <span class='ocrx_word' id='word_1_37' title='bbox 934 1074 966 1123; x_wconf 93' lang='lat' dir='ltr'>et</span> <span class='ocrx_word' id='word_1_38' title='bbox 979 1059 1023 1123; x_wconf 93' lang='lat' dir='ltr'>ibi</span> <span class='ocrx_word' id='word_1_39' title='bbox 1038 1061 1244 1145; x_wconf 88' lang='lat' dir='ltr'>triumphavit</span> <span class='ocrx_word' id='word_1_40' title='bbox 1258 1080 1399 1126; x_wconf 76' lang='lat' dir='ltr'>crescens</span> <span class='ocrx_word' id='word_1_41' title='bbox 1601 1046 1628 1149; x_wconf 73' lang='lat' dir='ltr'>l</span> 
     </span>
     <span class='ocr_line' id='line_1_6' title="bbox 417 1156 1628 1252; baseline 0.003 -24"><span class='ocrx_word' id='word_1_42' title='bbox 417 1164 451 1228; x_wconf 91' lang='lat' dir='ltr'>in</span> <span class='ocrx_word' id='word_1_43' title='bbox 471 1165 631 1249; x_wconf 87' lang='lat' dir='ltr'>gentibus:</span> <span class='ocrx_word' id='word_1_44' title='bbox 654 1164 727 1229; x_wconf 90' lang='lat' dir='ltr'>ideo</span> <span class='ocrx_word' id='word_1_45' title='bbox 750 1165 809 1230; x_wconf 88' lang='lat' dir='ltr'>luit</span> <span class='ocrx_word' id='word_1_46' title='bbox 830 1185 1012 1230; x_wconf 88' lang='lat' dir='ltr'>consonum</span> <span class='ocrx_word' id='word_1_47' title='bbox 1034 1166 1121 1252; x_wconf 93' lang='lat' dir='ltr'>quod</span> <span class='ocrx_word' id='word_1_48' title='bbox 1141 1178 1265 1251; x_wconf 90' lang='lat' dir='ltr'>caperet</span> <span class='ocrx_word' id='word_1_49' title='bbox 1279 1178 1425 1232; x_wconf 71' lang='lat' dir='ltr'>uomens</span> <span class='ocrx_word' id='word_1_50' title='bbox 1615 1156 1628 1249; x_wconf 66' lang='lat' dir='ltr'>l</span> 
     </span>
     <span class='ocr_line' id='line_1_7' title="bbox 415 1228 1628 1373; baseline -0.001 -42"><span class='ocrx_word' id='word_1_51' title='bbox 415 1289 436 1331; x_wconf 92' lang='lat' dir='ltr'>a</span> <span class='ocrx_word' id='word_1_52' title='bbox 458 1269 580 1333; x_wconf 88' lang='lat' dir='ltr'>civitate</span> <span class='ocrx_word' id='word_1_53' title='bbox 610 1268 779 1354; x_wconf 90' lang='lat' dir='ltr'>metropoli</span> <span class='ocrx_word' id='word_1_54' title='bbox 809 1268 958 1354; x_wconf 80' lang='lat' dir='ltr'>gencium</span> <span class='ocrx_word' id='word_1_55' title='bbox 990 1289 1052 1355; x_wconf 90' lang='lat' dir='ltr'>que</span> <span class='ocrx_word' id='word_1_56' title='bbox 1074 1283 1121 1335; x_wconf 87' lang='lat' dir='ltr'>est</span> <span class='ocrx_word' id='word_1_57' title='bbox 1142 1272 1255 1335; x_wconf 86' lang='lat' dir='ltr'>Roma.</span> <span class='ocrx_word' id='word_1_58' title='bbox 1288 1267 1431 1338; x_wconf 80' lang='lat' dir='ltr'>Terciaa</span> <span class='ocrx_word' id='word_1_59' title='bbox 1591 1228 1628 1373; x_wconf 96' lang='lat'><em>4</em></span> 
     </span>
     <span class='ocr_line' id='line_1_8' title="bbox 416 1373 1622 1459; baseline 0.002 -25"><span class='ocrx_word' id='word_1_60' title='bbox 416 1390 511 1436; x_wconf 88' lang='lat' dir='ltr'>causa</span> <span class='ocrx_word' id='word_1_61' title='bbox 537 1387 592 1456; x_wconf 88' lang='lat' dir='ltr'>est,</span> <span class='ocrx_word' id='word_1_62' title='bbox 624 1388 660 1438; x_wconf 93' lang='lat' dir='ltr'>ut</span> <span class='ocrx_word' id='word_1_63' title='bbox 682 1386 809 1438; x_wconf 82' lang='lat' dir='ltr'>notetur</span> <span class='ocrx_word' id='word_1_64' title='bbox 830 1374 918 1459; x_wconf 92' lang='lat' dir='ltr'>quod</span> <span class='ocrx_word' id='word_1_65' title='bbox 940 1394 1007 1438; x_wconf 90' lang='lat' dir='ltr'>non</span> <span class='ocrx_word' id='word_1_66' title='bbox 1030 1373 1118 1439; x_wconf 87' lang='lat' dir='ltr'>locus</span> <span class='ocrx_word' id='word_1_67' title='bbox 1141 1375 1206 1449; x_wconf 83' lang='lat' dir='ltr'>sive</span> <span class='ocrx_word' id='word_1_68' title='bbox 1226 1373 1400 1459; x_wconf 89' lang='lat' dir='ltr'>antiquitas</span> <span class='ocrx_word' id='word_1_69' title='bbox 1590 1376 1622 1457; x_wconf 88' lang='lat'>¹.</span> 
     </span>
     <span class='ocr_line' id='line_1_9' title="bbox 419 1475 1401 1563; baseline 0 -25"><span class='ocrx_word' id='word_1_70' title='bbox 419 1477 476 1538; x_wconf 89' lang='lat' dir='ltr'>sed</span> <span class='ocrx_word' id='word_1_71' title='bbox 498 1475 574 1541; x_wconf 85' lang='lat' dir='ltr'>fides</span> <span class='ocrx_word' id='word_1_72' title='bbox 590 1478 725 1543; x_wconf 89' lang='lat' dir='ltr'>lormata</span> <span class='ocrx_word' id='word_1_73' title='bbox 741 1478 851 1544; x_wconf 86' lang='lat' dir='ltr'>lundet</span> <span class='ocrx_word' id='word_1_74' title='bbox 866 1478 982 1543; x_wconf 81' lang='lat' dir='ltr'>Christi</span> <span class='ocrx_word' id='word_1_75' title='bbox 998 1479 1171 1543; x_wconf 90' lang='lat' dir='ltr'>ecclesiam.</span> <span class='ocrx_word' id='word_1_76' title='bbox 1195 1480 1278 1543; x_wconf 90' lang='lat' dir='ltr'>Nam</span> <span class='ocrx_word' id='word_1_77' title='bbox 1294 1476 1401 1563; x_wconf 89' lang='lat' dir='ltr'>quoad</span> 
     </span>
     <span class='ocr_line' id='line_1_10' title="bbox 420 1572 1631 1709; baseline 0.002 -67"><span class='ocrx_word' id='word_1_78' title='bbox 420 1600 588 1664; x_wconf 89' lang='lat' dir='ltr'>personam</span> <span class='ocrx_word' id='word_1_79' title='bbox 610 1597 642 1647; x_wconf 91' lang='lat' dir='ltr'>et</span> <span class='ocrx_word' id='word_1_80' title='bbox 663 1584 770 1669; x_wconf 89' lang='lat' dir='ltr'>quoad</span> <span class='ocrx_word' id='word_1_81' title='bbox 792 1597 918 1669; x_wconf 88' lang='lat' dir='ltr'>tempus</span> <span class='ocrx_word' id='word_1_82' title='bbox 942 1583 1029 1668; x_wconf 91' lang='lat' dir='ltr'>prius</span> <span class='ocrx_word' id='word_1_83' title='bbox 1052 1583 1112 1650; x_wconf 90' lang='lat' dir='ltr'>luit</span> <span class='ocrx_word' id='word_1_84' title='bbox 1133 1583 1262 1649; x_wconf 89' lang='lat' dir='ltr'>ecclesia</span> <span class='ocrx_word' id='word_1_85' title='bbox 1284 1580 1400 1646; x_wconf 75' lang='lat' dir='ltr'>Christi</span> <span class='ocrx_word' id='word_1_86' title='bbox 1588 1572 1631 1709; x_wconf 61' lang='lat'>44</span> 
     </span>
     <span class='ocr_line' id='line_1_11' title="bbox 418 1674 1626 1777; baseline 0.007 -31"><span class='ocrx_word' id='word_1_87' title='bbox 418 1683 452 1747; x_wconf 91' lang='lat' dir='ltr'>in</span> <span class='ocrx_word' id='word_1_88' title='bbox 486 1688 612 1752; x_wconf 85' lang='lat' dir='ltr'>sedibus</span> <span class='ocrx_word' id='word_1_89' title='bbox 644 1689 801 1774; x_wconf 74' lang='lat' dir='ltr'>prioribus</span> <span class='ocrx_word' id='word_1_90' title='bbox 843 1703 875 1753; x_wconf 92' lang='lat' dir='ltr'>et</span> <span class='ocrx_word' id='word_1_91' title='bbox 899 1689 950 1752; x_wconf 90' lang='lat' dir='ltr'>-ad</span> <span class='ocrx_word' id='word_1_92' title='bbox 987 1709 1116 1753; x_wconf 85' lang='lat' dir='ltr'>sensum</span> <span class='ocrx_word' id='word_1_93' title='bbox 1150 1689 1249 1753; x_wconf 89' lang='lat' dir='ltr'>istum</span> <span class='ocrx_word' id='word_1_94' title='bbox 1287 1685 1402 1750; x_wconf 88' lang='lat' dir='ltr'>dicitur</span> <span class='ocrx_word' id='word_1_95' title='bbox 1414 1717 1445 1755; x_wconf 84' lang='grc' dir='ltr'>ιο</span> <span class='ocrx_word' id='word_1_96' title='bbox 1589 1674 1626 1777; x_wconf 62' lang='lat' dir='ltr'>ili-</span> 
     </span>
     <span class='ocr_line' id='line_1_12' title="bbox 417 1770 1631 1879; baseline 0.001 -26"><span class='ocrx_word' id='word_1_97' title='bbox 417 1790 580 1857; x_wconf 84' lang='lat' dir='ltr'>11⁰.Maoh.</span> <span class='ocrx_word' id='word_1_98' title='bbox 588 1792 644 1875; x_wconf 83' lang='lat' dir='ltr'>V0,</span> <span class='ocrx_word' id='word_1_99' title='bbox 660 1813 707 1875; x_wconf 83' lang='lat'>19,</span> <span class='ocrx_word' id='word_1_100' title='bbox 722 1795 810 1878; x_wconf 90' lang='lat' dir='ltr'>quod</span> <span class='ocrx_word' id='word_1_101' title='bbox 819 1814 885 1858; x_wconf 85' lang='lat' dir='ltr'>non</span> <span class='ocrx_word' id='word_1_102' title='bbox 894 1794 985 1858; x_wconf 85' lang='lat' dir='ltr'>locus</span> <span class='ocrx_word' id='word_1_103' title='bbox 992 1801 1120 1878; x_wconf 82' lang='lat' dir='ltr'>gentem</span> <span class='ocrx_word' id='word_1_104' title='bbox 1130 1791 1189 1858; x_wconf 82' lang='lat' dir='ltr'>sed</span> <span class='ocrx_word' id='word_1_105' title='bbox 1202 1793 1401 1879; x_wconf 79' lang='lat' dir='ltr'>genalocum</span> <span class='ocrx_word' id='word_1_106' title='bbox 1594 1770 1631 1861; x_wconf 73' lang='lat'>¹,⁴.</span> 
     </span>
     <span class='ocr_line' id='line_1_13' title="bbox 418 1896 1402 1980; baseline 0 -21"><span class='ocrx_word' id='word_1_107' title='bbox 418 1896 606 1980; x_wconf 68' lang='lat' dir='ltr'>sanctpicat.</span> <span class='ocrx_word' id='word_1_108' title='bbox 644 1898 685 1961; x_wconf 86' lang='lat' dir='ltr'>lit</span> <span class='ocrx_word' id='word_1_109' title='bbox 714 1897 788 1961; x_wconf 92' lang='lat' dir='ltr'>hinc</span> <span class='ocrx_word' id='word_1_110' title='bbox 823 1899 917 1963; x_wconf 87' lang='lat' dir='ltr'>credo</span> <span class='ocrx_word' id='word_1_111' title='bbox 949 1897 1135 1962; x_wconf 87' lang='lat' dir='ltr'>derelictum</span> <span class='ocrx_word' id='word_1_112' title='bbox 1165 1897 1259 1961; x_wconf 87' lang='lat' dir='ltr'>licere</span> <span class='ocrx_word' id='word_1_113' title='bbox 1289 1914 1402 1959; x_wconf 82' lang='lat' dir='ltr'>vocare</span> 
     </span>
     <span class='ocr_line' id='line_1_14' title="bbox 419 1998 1402 2087; baseline -0.002 -23"><span class='ocrx_word' id='word_1_114' title='bbox 419 1999 535 2064; x_wconf 86' lang='lat' dir='ltr'>Christi</span> <span class='ocrx_word' id='word_1_115' title='bbox 551 2000 715 2065; x_wconf 88' lang='lat' dir='ltr'>ecclesiam</span> <span class='ocrx_word' id='word_1_116' title='bbox 729 2002 861 2066; x_wconf 92' lang='lat' dir='ltr'>nomine</span> <span class='ocrx_word' id='word_1_117' title='bbox 876 2002 1165 2087; x_wconf 89' lang='lat' dir='ltr'>cuiuscunqueloci</span> <span class='ocrx_word' id='word_1_118' title='bbox 1180 2021 1279 2087; x_wconf 90' lang='lat' dir='ltr'>quem</span> <span class='ocrx_word' id='word_1_119' title='bbox 1294 1998 1402 2063; x_wconf 87' lang='lat' dir='ltr'>fideles</span> 
     </span>
     <span class='ocr_line' id='line_1_15' title="bbox 418 2103 1403 2190; baseline 0.001 -24"><span class='ocrx_word' id='word_1_120' title='bbox 418 2103 601 2188; x_wconf 91' lang='lat' dir='ltr'>inhabitant,</span> <span class='ocrx_word' id='word_1_121' title='bbox 630 2105 710 2170; x_wconf 90' lang='lat' dir='ltr'>sicut</span> <span class='ocrx_word' id='word_1_122' title='bbox 732 2106 876 2171; x_wconf 88' lang='lat' dir='ltr'>Christus</span> <span class='ocrx_word' id='word_1_123' title='bbox 905 2120 1039 2170; x_wconf 84' lang='lat' dir='ltr'>vocatur</span> <span class='ocrx_word' id='word_1_124' title='bbox 1060 2108 1241 2171; x_wconf 86' lang='lat' dir='ltr'>Nazarenus</span> <span class='ocrx_word' id='word_1_125' title='bbox 1272 2118 1403 2190; x_wconf 87' lang='lat' dir='ltr'>propter</span> 
     </span>
     <span class='ocr_line' id='line_1_16' title="bbox 418 2207 1445 2296; baseline 0.006 -24"><span class='ocrx_word' id='word_1_126' title='bbox 418 2210 674 2294; x_wconf 89' lang='lat' dir='ltr'>concepcionem,</span> <span class='ocrx_word' id='word_1_127' title='bbox 696 2225 727 2275; x_wconf 92' lang='lat' dir='ltr'>et</span> <span class='ocrx_word' id='word_1_128' title='bbox 749 2225 854 2296; x_wconf 90' lang='lat' dir='ltr'>potest</span> <span class='ocrx_word' id='word_1_129' title='bbox 875 2210 1029 2275; x_wconf 78' lang='lat' dir='ltr'>catholice</span> <span class='ocrx_word' id='word_1_130' title='bbox 1049 2210 1154 2275; x_wconf 84' lang='lat' dir='ltr'>vocari</span> <span class='ocrx_word' id='word_1_131' title='bbox 1183 2209 1284 2275; x_wconf 87' lang='lat' dir='ltr'>David</span> <span class='ocrx_word' id='word_1_132' title='bbox 1306 2207 1445 2278; x_wconf 80' lang='lat' dir='ltr'>Beth-15</span> 
     </span>
     <span class='ocr_line' id='line_1_17' title="bbox 417 2312 1401 2401; baseline 0.005 -25"><span class='ocrx_word' id='word_1_133' title='bbox 417 2314 613 2380; x_wconf 88' lang='lat' dir='ltr'>lehemiticus</span> <span class='ocrx_word' id='word_1_134' title='bbox 634 2331 764 2401; x_wconf 87' lang='lat' dir='ltr'>propter</span> <span class='ocrx_word' id='word_1_135' title='bbox 785 2315 992 2398; x_wconf 80' lang='lat' dir='ltr'>nativitatem,</span> <span class='ocrx_word' id='word_1_136' title='bbox 1016 2314 1110 2380; x_wconf 86' lang='lat' dir='ltr'>etsie</span> <span class='ocrx_word' id='word_1_137' title='bbox 1134 2316 1173 2378; x_wconf 87' lang='lat' dir='ltr'>de</span> <span class='ocrx_word' id='word_1_138' title='bbox 1200 2313 1269 2377; x_wconf 88' lang='lat' dir='ltr'>aliis</span> <span class='ocrx_word' id='word_1_139' title='bbox 1293 2312 1401 2381; x_wconf 84' lang='lat' dir='ltr'>civita·</span> 
     </span>
     <span class='ocr_line' id='line_1_18' title="bbox 417 2417 1402 2504; baseline -0.003 -23"><span class='ocrx_word' id='word_1_140' title='bbox 417 2418 578 2504; x_wconf 79' lang='lat' dir='ltr'>cibusque</span> <span class='ocrx_word' id='word_1_141' title='bbox 592 2434 722 2503; x_wconf 86' lang='lat' dir='ltr'>possent</span> <span class='ocrx_word' id='word_1_142' title='bbox 736 2421 819 2485; x_wconf 92' lang='lat' dir='ltr'>licite</span> <span class='ocrx_word' id='word_1_143' title='bbox 834 2420 894 2484; x_wconf 92' lang='lat' dir='ltr'>dici</span> <span class='ocrx_word' id='word_1_144' title='bbox 916 2441 973 2484; x_wconf 91' lang='lat' dir='ltr'>sue</span> <span class='ocrx_word' id='word_1_145' title='bbox 991 2433 1121 2504; x_wconf 90' lang='lat' dir='ltr'>propter</span> <span class='ocrx_word' id='word_1_146' title='bbox 1135 2417 1402 2482; x_wconf 86' lang='lat' dir='ltr'>inhabitacionem</span> 
     </span>
     <span class='ocr_line' id='line_1_19' title="bbox 417 2522 1310 2609; baseline 0.001 -25"><span class='ocrx_word' id='word_1_147' title='bbox 417 2523 467 2584; x_wconf 87' lang='lat' dir='ltr'>vel</span> <span class='ocrx_word' id='word_1_148' title='bbox 488 2537 616 2608; x_wconf 87' lang='lat' dir='ltr'>propter</span> <span class='ocrx_word' id='word_1_149' title='bbox 639 2523 757 2589; x_wconf 87' lang='lat' dir='ltr'>lactum</span> <span class='ocrx_word' id='word_1_150' title='bbox 778 2525 864 2588; x_wconf 90' lang='lat' dir='ltr'>aliud</span> <span class='ocrx_word' id='word_1_151' title='bbox 887 2522 1026 2588; x_wconf 90' lang='lat' dir='ltr'>notabile</span> <span class='ocrx_word' id='word_1_152' title='bbox 1047 2524 1096 2586; x_wconf 84' lang='lat' dir='ltr'>vel</span> <span class='ocrx_word' id='word_1_153' title='bbox 1118 2523 1310 2609; x_wconf 87' lang='lat' dir='ltr'>passionem.</span> 
     </span>
    </p>

    <p class='ocr_par' dir='ltr' id='par_1_4' title="bbox 210 2627 1401 2714">
     <span class='ocr_line' id='line_1_20' title="bbox 210 2627 1401 2714; baseline -0.002 -24"><span class='ocrx_word' id='word_1_154' title='bbox 210 2656 259 2702; x_wconf 60' lang='lat' dir='ltr'>w,</span> <span class='ocrx_word' id='word_1_155' title='bbox 277 2665 341 2702; x_wconf 62' lang='lat' dir='ltr'>m</span> <span class='ocrx_word' id='word_1_156' title='bbox 359 2657 390 2701; x_wconf 49' lang='grc' dir='ltr'>»ι</span> <span class='ocrx_word' id='word_1_157' title='bbox 461 2627 611 2692; x_wconf 90' lang='lat' dir='ltr'>Notando</span> <span class='ocrx_word' id='word_1_158' title='bbox 642 2641 747 2693; x_wconf 88' lang='lat' dir='ltr'>tamen</span> <span class='ocrx_word' id='word_1_159' title='bbox 779 2630 868 2714; x_wconf 91' lang='lat' dir='ltr'>quod</span> <span class='ocrx_word' id='word_1_160' title='bbox 906 2630 1052 2692; x_wconf 87' lang='lat' dir='ltr'>vocando</span> <span class='ocrx_word' id='word_1_161' title='bbox 1089 2627 1252 2692; x_wconf 86' lang='lat' dir='ltr'>ecclesiam</span> <span class='ocrx_word' id='word_1_162' title='bbox 1288 2646 1401 2711; x_wconf 90' lang='lat' dir='ltr'>quam·</span> 
     </span>
    </p>

    <p class='ocr_par' dir='ltr' id='par_1_5' title="bbox 195 2710 1446 2818">
     <span class='ocr_line' id='line_1_21' title="bbox 195 2710 1446 2818; baseline -0.005 -21"><span class='ocrx_word' id='word_1_163' title='bbox 195 2710 264 2809; x_wconf 55' lang='lat'>{²2²¹</span> <span class='ocrx_word' id='word_1_164' title='bbox 257 2711 410 2809; x_wconf 51' lang='lat' dir='ltr'>1242}ss</span> <span class='ocrx_word' id='word_1_165' title='bbox 420 2753 547 2818; x_wconf 92' lang='lat' dir='ltr'>cunque</span> <span class='ocrx_word' id='word_1_166' title='bbox 569 2732 701 2796; x_wconf 90' lang='lat' dir='ltr'>nomine</span> <span class='ocrx_word' id='word_1_167' title='bbox 722 2733 782 2797; x_wconf 90' lang='lat' dir='ltr'>loci</span> <span class='ocrx_word' id='word_1_168' title='bbox 805 2733 868 2796; x_wconf 92' lang='lat' dir='ltr'>hoc</span> <span class='ocrx_word' id='word_1_169' title='bbox 881 2747 988 2817; x_wconf 87' lang='lat' dir='ltr'>potest</span> <span class='ocrx_word' id='word_1_170' title='bbox 1009 2732 1140 2816; x_wconf 81' lang='lat' dir='ltr'>intelligi</span> <span class='ocrx_word' id='word_1_171' title='bbox 1156 2731 1332 2816; x_wconf 82' lang='lat' dir='ltr'>dupliciter,</span> <span class='ocrx_word' id='word_1_172' title='bbox 1353 2729 1446 2801; x_wconf 73' lang='lat' dir='ltr'>vel20</span> 
     </span>
    </p>

    <p class='ocr_par' dir='ltr' id='par_1_6' title="bbox 196 2815 1406 3130">
     <span class='ocr_line' id='line_1_22' title="bbox 196 2815 1402 2923; baseline -0.002 -23"><span class='ocrx_word' id='word_1_173' title='bbox 196 2817 237 2862; x_wconf 70' lang='lat'>‘⁰‘</span> <span class='ocrx_word' id='word_1_174' title='bbox 251 2817 291 2861; x_wconf 79' lang='lat'>&#39;¹¹‘</span> <span class='ocrx_word' id='word_1_175' title='bbox 305 2815 410 2862; x_wconf 52' lang='lat' dir='ltr'>mm·</span> <span class='ocrx_word' id='word_1_176' title='bbox 421 2837 621 2923; x_wconf 90' lang='lat' dir='ltr'>appropriate</span> <span class='ocrx_word' id='word_1_177' title='bbox 643 2837 749 2922; x_wconf 90' lang='lat' dir='ltr'>quoad</span> <span class='ocrx_word' id='word_1_178' title='bbox 777 2836 1008 2901; x_wconf 89' lang='lat' dir='ltr'>habitacionem</span> <span class='ocrx_word' id='word_1_179' title='bbox 1030 2837 1113 2900; x_wconf 90' lang='lat' dir='ltr'>illius</span> <span class='ocrx_word' id='word_1_180' title='bbox 1133 2837 1196 2901; x_wconf 93' lang='lat' dir='ltr'>loci</span> <span class='ocrx_word' id='word_1_181' title='bbox 1218 2835 1268 2900; x_wconf 82' lang='lat' dir='ltr'>vel</span> <span class='ocrx_word' id='word_1_182' title='bbox 1291 2855 1402 2898; x_wconf 88' lang='lat' dir='ltr'>secun·</span> 
     </span>
     <span class='ocr_line' id='line_1_23' title="bbox 421 2940 1404 3027; baseline 0 -25"><span class='ocrx_word' id='word_1_183' title='bbox 421 2940 499 3003; x_wconf 90' lang='lat' dir='ltr'>dum</span> <span class='ocrx_word' id='word_1_184' title='bbox 521 2956 653 3025; x_wconf 87' lang='lat' dir='ltr'>partem,</span> <span class='ocrx_word' id='word_1_185' title='bbox 684 2941 770 3005; x_wconf 93' lang='lat' dir='ltr'>etin</span> <span class='ocrx_word' id='word_1_186' title='bbox 794 2941 856 3005; x_wconf 92' lang='lat' dir='ltr'>hoc</span> <span class='ocrx_word' id='word_1_187' title='bbox 878 2955 952 3005; x_wconf 87' lang='lat' dir='ltr'>sunt</span> <span class='ocrx_word' id='word_1_188' title='bbox 974 2943 1131 3027; x_wconf 91' lang='lat' dir='ltr'>quotlibet</span> <span class='ocrx_word' id='word_1_189' title='bbox 1153 2941 1270 3027; x_wconf 88' lang='lat' dir='ltr'>gradus</span> <span class='ocrx_word' id='word_1_190' title='bbox 1292 2959 1404 3003; x_wconf 74' lang='lat' dir='ltr'>secem·</span> 
     </span>
     <span class='ocr_line' id='line_1_24' title="bbox 423 3043 1406 3130; baseline 0.001 -25"><span class='ocrx_word' id='word_1_191' title='bbox 423 3045 499 3108; x_wconf 94' lang='lat' dir='ltr'>dum</span> <span class='ocrx_word' id='word_1_192' title='bbox 532 3045 773 3130; x_wconf 88' lang='lat' dir='ltr'>amplitudinem</span> <span class='ocrx_word' id='word_1_193' title='bbox 800 3045 943 3130; x_wconf 90' lang='lat' dir='ltr'>parcium</span> <span class='ocrx_word' id='word_1_194' title='bbox 975 3047 1114 3112; x_wconf 86' lang='lat' dir='ltr'>ecclesie.</span> <span class='ocrx_word' id='word_1_195' title='bbox 1146 3047 1219 3110; x_wconf 90' lang='lat' dir='ltr'>Non</span> <span class='ocrx_word' id='word_1_196' title='bbox 1251 3043 1338 3108; x_wconf 90' lang='lat' dir='ltr'>enim</span> <span class='ocrx_word' id='word_1_197' title='bbox 1359 3057 1406 3106; x_wconf 91' lang='lat' dir='ltr'>est</span> 
     </span>
    </p>

    <p class='ocr_par' dir='ltr' id='par_1_7' title="bbox 333 3148 1404 3241">
     <span class='ocr_line' id='line_1_25' title="bbox 333 3148 1404 3241; baseline -0.001 -29"><span class='ocrx_word' id='word_1_198' title='bbox 333 3236 336 3241; x_wconf 25' lang='grc' dir='ltr'>Ι</span> <span class='ocrx_word' id='word_1_199' title='bbox 421 3149 504 3213; x_wconf 90' lang='lat' dir='ltr'>bona</span> <span class='ocrx_word' id='word_1_200' title='bbox 526 3170 620 3214; x_wconf 86' lang='lat' dir='ltr'>causa</span> <span class='ocrx_word' id='word_1_201' title='bbox 641 3171 752 3215; x_wconf 80' lang='lat' dir='ltr'>vocare</span> <span class='ocrx_word' id='word_1_202' title='bbox 776 3165 909 3215; x_wconf 89' lang='lat' dir='ltr'>matrem</span> <span class='ocrx_word' id='word_1_203' title='bbox 933 3167 1074 3216; x_wconf 90' lang='lat' dir='ltr'>nostram</span> <span class='ocrx_word' id='word_1_204' title='bbox 1097 3152 1277 3215; x_wconf 84' lang='lat' dir='ltr'>Romanam</span> <span class='ocrx_word' id='word_1_205' title='bbox 1307 3148 1404 3213; x_wconf 91' lang='lat' dir='ltr'>eccle·</span> 
     </span>
    </p>

    <p class='ocr_par' dir='ltr' id='par_1_8' title="bbox 422 3252 1453 4173">
     <span class='ocr_line' id='line_1_26' title="bbox 422 3252 1447 3340; baseline 0.001 -26"><span class='ocrx_word' id='word_1_206' title='bbox 422 3252 499 3318; x_wconf 87' lang='lat' dir='ltr'>siam</span> <span class='ocrx_word' id='word_1_207' title='bbox 533 3270 662 3339; x_wconf 91' lang='lat' dir='ltr'>propter</span> <span class='ocrx_word' id='word_1_208' title='bbox 691 3254 805 3320; x_wconf 79' lang='lat' dir='ltr'>lactum</span> <span class='ocrx_word' id='word_1_209' title='bbox 833 3270 889 3320; x_wconf 91' lang='lat' dir='ltr'>aut</span> <span class='ocrx_word' id='word_1_210' title='bbox 916 3255 1186 3340; x_wconf 78' lang='lat' dir='ltr'>complacentiam</span> <span class='ocrx_word' id='word_1_211' title='bbox 1207 3252 1406 3338; x_wconf 89' lang='lat' dir='ltr'>imperatoris</span> <span class='ocrx_word' id='word_1_212' title='bbox 1416 3273 1447 3324; x_wconf 78' lang='lat'>25</span> 
     </span>
     <span class='ocr_line' id='line_1_27' title="bbox 423 3356 1407 3445; baseline 0 -26"><span class='ocrx_word' id='word_1_213' title='bbox 423 3358 560 3423; x_wconf 88' lang='lat' dir='ltr'>dotantis</span> <span class='ocrx_word' id='word_1_214' title='bbox 591 3359 754 3424; x_wconf 86' lang='lat' dir='ltr'>ecclesiam</span> <span class='ocrx_word' id='word_1_215' title='bbox 787 3381 845 3423; x_wconf 92' lang='lat' dir='ltr'>nec</span> <span class='ocrx_word' id='word_1_216' title='bbox 875 3376 1006 3445; x_wconf 90' lang='lat' dir='ltr'>propter</span> <span class='ocrx_word' id='word_1_217' title='bbox 1036 3357 1255 3424; x_wconf 76' lang='lat' dir='ltr'>extollentiam</span> <span class='ocrx_word' id='word_1_218' title='bbox 1286 3356 1407 3422; x_wconf 90' lang='lat' dir='ltr'>domini</span> 
     </span>
     <span class='ocr_line' id='line_1_28' title="bbox 423 3461 1409 3550; baseline -0.004 -24"><span class='ocrx_word' id='word_1_219' title='bbox 423 3483 504 3547; x_wconf 91' lang='lat' dir='ltr'>pape</span> <span class='ocrx_word' id='word_1_220' title='bbox 526 3464 710 3548; x_wconf 91' lang='lat' dir='ltr'>pompantis</span> <span class='ocrx_word' id='word_1_221' title='bbox 731 3465 770 3527; x_wconf 94' lang='lat' dir='ltr'>de</span> <span class='ocrx_word' id='word_1_222' title='bbox 791 3479 880 3548; x_wconf 91' lang='lat' dir='ltr'>parte</span> <span class='ocrx_word' id='word_1_223' title='bbox 895 3464 1019 3550; x_wconf 91' lang='lat' dir='ltr'>imperii</span> <span class='ocrx_word' id='word_1_224' title='bbox 1042 3486 1080 3528; x_wconf 87' lang='lat' dir='ltr'>ex</span> <span class='ocrx_word' id='word_1_225' title='bbox 1103 3484 1164 3527; x_wconf 91' lang='lat' dir='ltr'>suo</span> <span class='ocrx_word' id='word_1_226' title='bbox 1184 3462 1322 3546; x_wconf 89' lang='lat' dir='ltr'>primatu</span> <span class='ocrx_word' id='word_1_227' title='bbox 1344 3461 1409 3523; x_wconf 85' lang='lat' dir='ltr'>sive</span> 
     </span>
     <span class='ocr_line' id='line_1_29' title="bbox 424 3567 1409 3654; baseline -0.001 -25"><span class='ocrx_word' id='word_1_228' title='bbox 424 3567 566 3631; x_wconf 91' lang='lat' dir='ltr'>dominio</span> <span class='ocrx_word' id='word_1_229' title='bbox 583 3588 640 3631; x_wconf 91' lang='lat' dir='ltr'>nec</span> <span class='ocrx_word' id='word_1_230' title='bbox 656 3568 762 3649; x_wconf 91' lang='lat' dir='ltr'>tercio,</span> <span class='ocrx_word' id='word_1_231' title='bbox 778 3582 814 3632; x_wconf 92' lang='lat' dir='ltr'>ut</span> <span class='ocrx_word' id='word_1_232' title='bbox 829 3570 971 3633; x_wconf 90' lang='lat' dir='ltr'>credatur</span> <span class='ocrx_word' id='word_1_233' title='bbox 991 3568 1079 3654; x_wconf 93' lang='lat' dir='ltr'>quod</span> <span class='ocrx_word' id='word_1_234' title='bbox 1097 3568 1137 3631; x_wconf 91' lang='lat' dir='ltr'>ad</span> <span class='ocrx_word' id='word_1_235' title='bbox 1157 3568 1266 3651; x_wconf 91' lang='lat' dir='ltr'>ipsum</span> <span class='ocrx_word' id='word_1_236' title='bbox 1282 3578 1409 3649; x_wconf 89' lang='lat' dir='ltr'>oportet</span> 
     </span>
     <span class='ocr_line' id='line_1_30' title="bbox 425 3667 1409 3737; baseline -0.004 -4"><span class='ocrx_word' id='word_1_237' title='bbox 425 3691 555 3735; x_wconf 90' lang='lat' dir='ltr'>omnem</span> <span class='ocrx_word' id='word_1_238' title='bbox 578 3672 783 3737; x_wconf 89' lang='lat' dir='ltr'>christianum</span> <span class='ocrx_word' id='word_1_239' title='bbox 798 3692 955 3736; x_wconf 91' lang='lat' dir='ltr'>recurrere</span> <span class='ocrx_word' id='word_1_240' title='bbox 980 3687 1011 3736; x_wconf 93' lang='lat' dir='ltr'>et</span> <span class='ocrx_word' id='word_1_241' title='bbox 1033 3673 1072 3736; x_wconf 92' lang='lat' dir='ltr'>de</span> <span class='ocrx_word' id='word_1_242' title='bbox 1102 3671 1286 3735; x_wconf 86' lang='lat' dir='ltr'>necessitate</span> <span class='ocrx_word' id='word_1_243' title='bbox 1301 3667 1409 3732; x_wconf 84' lang='lat' dir='ltr'>salutis</span> 
     </span>
     <span class='ocr_line' id='line_1_31' title="bbox 426 3770 1453 3862; baseline 0.006 -25"><span class='ocrx_word' id='word_1_244' title='bbox 426 3775 530 3857; x_wconf 88' lang='lat' dir='ltr'>ipsum</span> <span class='ocrx_word' id='word_1_245' title='bbox 551 3776 716 3859; x_wconf 88' lang='lat' dir='ltr'>capitalem</span> <span class='ocrx_word' id='word_1_246' title='bbox 730 3796 963 3862; x_wconf 81' lang='lat' dir='ltr'>recognoscere,</span> <span class='ocrx_word' id='word_1_247' title='bbox 980 3777 1035 3840; x_wconf 92' lang='lat' dir='ltr'>sed</span> <span class='ocrx_word' id='word_1_248' title='bbox 1050 3790 1180 3860; x_wconf 90' lang='lat' dir='ltr'>propter</span> <span class='ocrx_word' id='word_1_249' title='bbox 1193 3794 1303 3840; x_wconf 87' lang='lat' dir='ltr'>causas</span> <span class='ocrx_word' id='word_1_250' title='bbox 1325 3770 1409 3855; x_wconf 90' lang='lat' dir='ltr'>topi·</span> <span class='ocrx_word' id='word_1_251' title='bbox 1421 3790 1453 3842; x_wconf 85' lang='lat'>30</span> 
     </span>
     <span class='ocr_line' id='line_1_32' title="bbox 426 3877 1409 3961; baseline 0 -22"><span class='ocrx_word' id='word_1_252' title='bbox 426 3897 477 3940; x_wconf 86' lang='lat' dir='ltr'>cas</span> <span class='ocrx_word' id='word_1_253' title='bbox 499 3879 702 3961; x_wconf 87' lang='lat' dir='ltr'>supradictas.</span> <span class='ocrx_word' id='word_1_254' title='bbox 725 3878 812 3944; x_wconf 90' lang='lat' dir='ltr'>Cum</span> <span class='ocrx_word' id='word_1_255' title='bbox 844 3881 931 3944; x_wconf 91' lang='lat' dir='ltr'>enim</span> <span class='ocrx_word' id='word_1_256' title='bbox 952 3882 1098 3945; x_wconf 86' lang='lat' dir='ltr'>Romana</span> <span class='ocrx_word' id='word_1_257' title='bbox 1121 3877 1249 3942; x_wconf 89' lang='lat' dir='ltr'>ecclesia</span> <span class='ocrx_word' id='word_1_258' title='bbox 1279 3877 1320 3940; x_wconf 92' lang='lat' dir='ltr'>sit</span> <span class='ocrx_word' id='word_1_259' title='bbox 1349 3891 1409 3940; x_wconf 93' lang='lat' dir='ltr'>ter·</span> 
     </span>
     <span class='ocr_line' id='line_1_33' title="bbox 426 3980 1411 4068; baseline -0.003 -24"><span class='ocrx_word' id='word_1_260' title='bbox 426 3980 531 4045; x_wconf 88' lang='lat' dir='ltr'>minus</span> <span class='ocrx_word' id='word_1_261' title='bbox 554 3981 715 4047; x_wconf 88' lang='lat' dir='ltr'>institutus</span> <span class='ocrx_word' id='word_1_262' title='bbox 738 3999 843 4068; x_wconf 88' lang='lat' dir='ltr'>preter</span> <span class='ocrx_word' id='word_1_263' title='bbox 858 3984 1081 4048; x_wconf 79' lang='lat' dir='ltr'>fundacionem</span> <span class='ocrx_word' id='word_1_264' title='bbox 1097 3983 1131 4045; x_wconf 92' lang='lat' dir='ltr'>in</span> <span class='ocrx_word' id='word_1_265' title='bbox 1148 3982 1300 4066; x_wconf 84' lang='lat' dir='ltr'>scriptura</span> <span class='ocrx_word' id='word_1_266' title='bbox 1315 3999 1411 4060; x_wconf 90' lang='lat' dir='ltr'>sacra,</span> 
     </span>
     <span class='ocr_line' id='line_1_34' title="bbox 427 4072 1428 4173; baseline -0.003 -26"><span class='ocrx_word' id='word_1_267' title='bbox 427 4085 499 4148; x_wconf 86' lang='lat' dir='ltr'>satis</span> <span class='ocrx_word' id='word_1_268' title='bbox 522 4086 703 4151; x_wconf 88' lang='lat' dir='ltr'>esthabere</span> <span class='ocrx_word' id='word_1_269' title='bbox 727 4088 886 4153; x_wconf 90' lang='lat' dir='ltr'>racionem</span> <span class='ocrx_word' id='word_1_270' title='bbox 902 4088 1101 4173; x_wconf 88' lang='lat' dir='ltr'>probabilem</span> <span class='ocrx_word' id='word_1_271' title='bbox 1123 4084 1264 4150; x_wconf 84' lang='lat' dir='ltr'>cavendo</span> <span class='ocrx_word' id='word_1_272' title='bbox 1287 4072 1428 4167; x_wconf 70' lang='lat' dir='ltr'>semper&#39;</span> 
     </span>
    </p>
   </div>
   <div class='ocr_carea' id='block_1_4' title="bbox 427 4190 833 4278">
    <p class='ocr_par' dir='ltr' id='par_1_9' title="bbox 427 4190 833 4278">
     <span class='ocr_line' id='line_1_35' title="bbox 427 4190 833 4278; baseline 0.022 -27"><span class='ocrx_word' id='word_1_273' title='bbox 427 4190 466 4253; x_wconf 93' lang='lat' dir='ltr'>de</span> <span class='ocrx_word' id='word_1_274' title='bbox 486 4190 683 4256; x_wconf 90' lang='lat' dir='ltr'>deduccione</span> <span class='ocrx_word' id='word_1_275' title='bbox 705 4192 833 4278; x_wconf 78' lang='lat' dir='ltr'>perfida.</span> 
     </span>
    </p>
   </div>
   <div class='ocr_carea' id='block_1_5' title="bbox 1596 1456 1612 1495">
    <p class='ocr_par' dir='ltr' id='par_1_10' title="bbox 1596 1456 1612 1495">
     <span class='ocr_line' id='line_1_36' title="bbox 1596 1456 1612 1495; baseline 0 -10"><span class='ocrx_word' id='word_1_276' title='bbox 1596 1456 1612 1495; x_wconf 66' lang='lat' dir='ltr'>{r</span> 
     </span>
    </p>
   </div>
   <div class='ocr_carea' id='block_1_6' title="bbox 427 4360 1415 4586">
    <p class='ocr_par' dir='ltr' id='par_1_11' title="bbox 427 4360 1415 4586">
     <span class='ocr_line' id='line_1_37' title="bbox 455 4360 1415 4452; baseline -0.004 -13"><span class='ocrx_word' id='word_1_277' title='bbox 455 4360 490 4439; x_wconf 83' lang='lat' dir='ltr'>¹a.</span> <span class='ocrx_word' id='word_1_278' title='bbox 504 4392 536 4438; x_wconf 76' lang='lat' dir='ltr'>B:</span> <span class='ocrx_word' id='word_1_279' title='bbox 552 4395 581 4440; x_wconf 81' lang='lat' dir='ltr'>ad</span> <span class='ocrx_word' id='word_1_280' title='bbox 596 4408 690 4442; x_wconf 85' lang='lat' dir='ltr'>nornen.</span> <span class='ocrx_word' id='word_1_281' title='bbox 757 4410 784 4446; x_wconf 87' lang='grc' dir='ltr'>ιι.</span> <span class='ocrx_word' id='word_1_282' title='bbox 797 4396 815 4441; x_wconf 84' lang='lat' dir='ltr'>B</span> <span class='ocrx_word' id='word_1_283' title='bbox 829 4398 853 4443; x_wconf 81' lang='lat' dir='ltr'>in</span> <span class='ocrx_word' id='word_1_284' title='bbox 867 4408 944 4452; x_wconf 78' lang='lat' dir='ltr'>marg:</span> <span class='ocrx_word' id='word_1_285' title='bbox 959 4393 1149 4440; x_wconf 72' lang='lat' dir='ltr'>Machabeornm.</span> <span class='ocrx_word' id='word_1_286' title='bbox 1216 4402 1246 4438; x_wconf 83' lang='lat' dir='ltr'>rr.</span> <span class='ocrx_word' id='word_1_287' title='bbox 1261 4391 1415 4442; x_wconf 75' lang='lat' dir='ltr'>derelletnnre</span> 
     </span>
     <span class='ocr_line' id='line_1_38' title="bbox 427 4456 1415 4525; baseline -0.008 -16"><span class='ocrx_word' id='word_1_288' title='bbox 427 4463 500 4510; x_wconf 81' lang='lat' dir='ltr'>sicin</span> <span class='ocrx_word' id='word_1_289' title='bbox 515 4465 587 4510; x_wconf 83' lang='lat' dir='ltr'>codd.</span> <span class='ocrx_word' id='word_1_290' title='bbox 602 4468 648 4511; x_wconf 82' lang='lat' dir='ltr'>and</span> <span class='ocrx_word' id='word_1_291' title='bbox 663 4467 687 4513; x_wconf 85' lang='lat' dir='ltr'>ln</span> <span class='ocrx_word' id='word_1_292' title='bbox 701 4466 761 4525; x_wconf 81' lang='lat' dir='ltr'>llos,</span> <span class='ocrx_word' id='word_1_293' title='bbox 776 4468 805 4513; x_wconf 85' lang='lat' dir='ltr'>‹le</span> <span class='ocrx_word' id='word_1_294' title='bbox 819 4467 925 4524; x_wconf 80' lang='lat' dir='ltr'>ecclesis,</span> <span class='ocrx_word' id='word_1_295' title='bbox 945 4464 1008 4522; x_wconf 85' lang='lat' dir='ltr'>opp.</span> <span class='ocrx_word' id='word_1_296' title='bbox 1022 4472 1082 4510; x_wconf 86' lang='lat' dir='ltr'>tom.</span> <span class='ocrx_word' id='word_1_297' title='bbox 1096 4463 1114 4520; x_wconf 90' lang='lat' dir='ltr'>l,</span> <span class='ocrx_word' id='word_1_298' title='bbox 1129 4460 1182 4507; x_wconf 85' lang='lat' dir='ltr'>Fol.</span> <span class='ocrx_word' id='word_1_299' title='bbox 1198 4460 1267 4506; x_wconf 77' lang='lat'><strong>208⁸.</strong></span> <span class='ocrx_word' id='word_1_300' title='bbox 1334 4459 1368 4504; x_wconf 64' lang='lat' dir='ltr'>ab.</span> <span class='ocrx_word' id='word_1_301' title='bbox 1382 4456 1415 4501; x_wconf 69' lang='lat' dir='ltr'>uz</span> 
     </span>
     <span class='ocr_line' id='line_1_39' title="bbox 427 4526 1415 4586; baseline -0.008 -7"><span class='ocrx_word' id='word_1_302' title='bbox 427 4534 602 4582; x_wconf 78' lang='lat' dir='ltr'>excellenciam.</span> <span class='ocrx_word' id='word_1_303' title='bbox 670 4535 707 4583; x_wconf 79' lang='lat'>28.</span> <span class='ocrx_word' id='word_1_304' title='bbox 721 4537 753 4582; x_wconf 69' lang='lat' dir='ltr'>tta</span> <span class='ocrx_word' id='word_1_305' title='bbox 768 4547 812 4581; x_wconf 86' lang='lat' dir='ltr'>nec</span> <span class='ocrx_word' id='word_1_306' title='bbox 825 4535 910 4581; x_wconf 75' lang='lat' dir='ltr'>estimo</span> <span class='ocrx_word' id='word_1_307' title='bbox 924 4541 956 4579; x_wconf 83' lang='grc' dir='ltr'><strong>ιιι.</strong></span> <span class='ocrx_word' id='word_1_308' title='bbox 1024 4533 1061 4586; x_wconf 76' lang='grc'>34.</span> <span class='ocrx_word' id='word_1_309' title='bbox 1075 4530 1104 4575; x_wconf 77' lang='lat'>8:</span> <span class='ocrx_word' id='word_1_310' title='bbox 1120 4531 1149 4576; x_wconf 83' lang='lat' dir='ltr'>de</span> <span class='ocrx_word' id='word_1_311' title='bbox 1164 4530 1304 4576; x_wconf 76' lang='lat' dir='ltr'>seductione</span> <span class='ocrx_word' id='word_1_312' title='bbox 1319 4526 1415 4585; x_wconf 73' lang='lat' dir='ltr'>perfida</span> 
     </span>
    </p>
   </div>
   <div class='ocr_carea' id='block_1_7' title="bbox 0 0 1651 5220">
    <p class='ocr_par' dir='ltr' id='par_1_12' title="bbox 0 0 1651 5220">
     <span class='ocr_line' id='line_1_40' title="bbox 0 0 1651 5220; baseline 0 0"><span class='ocrx_word' id='word_1_313' title='bbox 0 0 1651 5220; x_wconf 95' lang='lat' dir='ltr'> </span> 
     </span>
    </p>
   </div>
  </div>
 </body>
</html>
