3262 5226
545 668 717 725 sonarum
735 638 885 725 wimer.
921 626 924 631 ⁵
1058 644 1142 741 [css.
1156 662 1208 712 xx

268 828 394 909 Quarto
407 826 541 895 iniertur
561 825 652 915 quod
667 844 750 893 uxor
771 822 852 891 tenti
875 820 1000 889 domini
1021 822 1112 891 cuius
1133 839 1207 892 sunt
1220 840 1318 915 ipen

225 930 337 999 omnia
371 946 405 999 et
438 930 509 1021 ipss
544 952 621 999 cuns
655 950 697 997 eo
733 921 800 995 une
829 948 968 1015 pmsone
998 926 1050 1020 (ut
1077 930 1209 997 docetur

139 1106 142 1113 ,
226 1036 358 1103 liettbei
371 1036 474 1121 XIX0,
489 1034 535 1127 ⁵),
554 1034 613 1103 erit
626 1034 709 1103 sicut
722 1032 795 1101 sitis
808 1031 1046 1099 habundansiu
1059 1034 1209 1105 letenbus

224 1142 342 1207 domus
363 1160 431 1223 sue,
451 1140 526 1207 ideo
547 1138 693 1206 subditur
712 1138 804 1226 quod
823 1138 939 1223 spoliis
952 1158 1017 1205 non
1040 1140 1207 1226 indigebit.

225 1244 310 1327 Noa,
330 1243 435 1330 inquit
451 1244 663 1333 Augustinus,
684 1244 764 1331 qnia
777 1260 845 1309 nore
866 1244 975 1329 querit
993 1244 1113 1329 spolia,
1133 1260 1232 1317 cans

224 1348 346 1435 diffessa
368 1368 437 1435 pes·
462 1348 618 1417 nandans
643 1350 716 1417 eius
740 1348 879 1436 tropicae
901 1349 1020 1435 accipit
1043 1358 1208 1433 tamqnam

225 1472 299 1533 sea,
325 1453 403 1541 quie
423 1453 589 1543 sapiencie
609 1454 667 1537 ll0,
704 1474 743 1539 ¹9
763 1452 925 1520 scribiturt
955 1452 1042 1519 desti
1065 1454 1210 1521 inierant

224 1560 330 1645 spolia
364 1559 550 1645 inplorans.
582 1558 625 1625 Et
666 1556 742 1623 binc
779 1556 933 1625 nimitum
968 1555 1045 1625 dicit
1082 1578 1209 1643 monn,

225 1662 353 1729 Psalmo
366 1660 525 1748 cxvssu,
552 1662 626 1729 ria:
648 1662 791 1729 Letadn
808 1680 984 1749 egosapn
997 1661 1208 1749 eloquiatrea,

224 1768 309 1833 sicat
330 1769 387 1855 qni
406 1768 528 1835 invenit
548 1762 792 1855 spolie‘neaita.
813 1766 857 1833 lit
876 1765 923 1833 sie
938 1764 998 1832 ists
1012 1767 1208 1854 quadruplex
1220 1801 1252 1841 ro

226 1870 409 1959 proposicio
430 1872 565 1939 declaret
586 1870 620 1938 in
642 1886 732 1959 perte
752 1870 932 1960 predictum
953 1870 1151 1957 coniugium.

127 1976 1210 2175 uzltltfllnllssltfflzltltl‘ill

139 2220 171 2259 rs.
225 2188 315 2275 quod
344 2206 464 2273 spotm
489 2199 557 2252 tam
585 2200 686 2275 prete,
716 2200 784 2253 tem
813 2184 879 2252 fids
908 2200 941 2253 et
972 2199 1040 2252 um
1070 2185 1210 2253 fertiliter

127 2260 335 2363 melotam
348 2311 368 2357 e
382 2290 452 2357 viro
470 2290 582 2357 reddet
597 2292 628 2357 ei
645 2290 766 2358 bonan
784 2300 817 2357 et
837 2310 901 2357 non
921 2290 1047 2357 maian
1060 2292 1208 2358 omnibus
1220 2308 1250 2363 ι5

127 2368 337 2469 :li‘waas
360 2397 424 2463 nn
453 2416 523 2464 sne.
558 2392 734 2483 Operatar,
764 2394 871 2483 inquit
899 2395 1110 2485 emanue
1139 2396 1209 2463 nm

224 2520 285 2568 suo
314 2501 399 2568 bona
428 2512 540 2567 neena
572 2501 733 2578 continens,
767 2500 844 2588 quie
876 2498 928 2588 (ut
957 2500 1039 2566 mihi
1069 2500 1206 2590 videtur)

225 2626 339 2672 omnes
379 2604 582 2692 predestinati
623 2624 751 2693 semper
793 2618 931 2694 prosunt
972 2604 1102 2672 ecclesie
1140 2606 1208 2672 sine

225 2708 466 2796 dampnacionis
486 2730 544 2777 sue
565 2709 721 2775 demerito
735 2711 785 2776 sel
807 2708 937 2776 ecclesie
951 2709 1150 2781 detrimento.
1173 2713 1208 2778 ln

224 2813 288 2881 ltoc
296 2814 382 2881 enim
396 2812 499 2881 differt
512 2830 680 2903 peccatum
694 2813 897 2901 predestinati
909 2837 930 2879 a
938 2830 1070 2902 peccato
1083 2816 1209 2903 presciti
1218 2847 1251 2885 so

224 2920 315 3006 quod
335 2918 477 3006 primum
497 2932 545 2985 est
567 2918 743 2985 necessario
766 2918 951 2985 remissibile
973 2932 1006 2987 et
1031 2922 1208 2988 secundum

226 3024 437 3109 dampnabile.
465 3025 610 3089 Primum
631 3045 689 3110 per
710 3024 855 3090 accidens
876 3025 1005 3109 prodest
1027 3026 1156 3093 ecclesie
1177 3042 1209 3093 et

225 3130 366 3215 peccanti
403 3127 454 3216 (ut
484 3144 573 3215 petet
603 3130 642 3195 de
673 3144 805 3215 peccato
836 3127 934 3217 Petri)
971 3144 1010 3196 et.
1033 3131 1209 3197 secuudum

226 3234 298 3300 licet
323 3256 380 3319 per
401 3233 546 3301 accidens
578 3235 671 3300 iaciat
703 3236 743 3298 nd
773 3235 898 3299 bonum
929 3235 1069 3319 ecclesie,
1103 3250 1208 3301 tamen

166 3422 168 3426 Ι
226 3338 376 3404 continue
407 3339 465 3403 sibi
498 3353 602 3422 nocet,
637 3340 713 3426 quia
752 3340 834 3404 sicut
872 3339 1025 3426 quicquid
1060 3340 1250 3426 predati-25

226 3458 318 3509 natus
339 3443 392 3508 hic
415 3442 521 3509 lecerit
548 3443 648 3508 tendit
670 3445 711 3509 nd
733 3443 783 3508 sui
805 3444 1029 3528 salvacionem,
1056 3445 1101 3511 sic
1120 3445 1207 3531 quic·

224 3548 303 3633 quid
320 3546 473 3633 prescitos
491 3546 543 3612 hic
558 3547 664 3613 iecerit
686 3549 786 3613 tendit
806 3549 847 3611 ad
867 3548 917 3611 sui
932 3549 1207 3634 dampnacionem.

226 3653 325 3731 Quod
362 3665 469 3717 nutem
500 3651 632 3737 quidam
664 3652 776 3718 dicunt
807 3664 975 3737 peccatum
1006 3652 1207 3736 predestinati

225 3757 440 3841 dampnabile,
455 3756 661 3841 equivocatus
675 3755 708 3819 in
724 3757 855 3821 nomine
865 3756 1070 3840 dampnabile
1079 3772 1208 3843 sumpto

225 3862 310 3944 large
324 3861 374 3926 vel
388 3861 524 3946 proprie.
547 3861 647 3947 Large
662 3861 777 3926 dicitur
791 3861 999 3944 dampnabile
1013 3862 1230 3948 culpandumt

226 3967 313 4052 quod
332 3981 488 4052 perpetuo
504 3967 740 4051 dampnaretur,
755 3965 779 4030 si
796 3987 863 4030 non
878 3965 959 4030 ioret
974 3966 1091 4032 Christi
1106 3969 1209 4055 gracia

265 4200 281 4234 ι.
301 4186 332 4233 us
354 4186 445 4247 Quarto
462 4186 540 4235 inlert.
616 4186 732 4245 nup
752 4198 800 4234 ans
816 4189 890 4236 deest.
968 4187 989 4237 i.
1006 4188 1033 4236 la
1051 4189 1135 4237 cedda
1154 4192 1209 4250 qais

225 4257 311 4316 querit.
329 4256 398 4305 Corr.
413 4270 426 4305 e
439 4265 502 4305 testu
515 4260 589 4318 Aug,
605 4258 647 4305 nbi
660 4259 696 4305 sie
709 4258 821 4306 tumturn
835 4259 889 4306 Non
905 4259 959 4317 quis
974 4271 1022 4307 non
1036 4260 1112 4320 quent
1125 4261 1209 4319 spolie,

226 4329 279 4376 ideo
294 4341 341 4375 non
355 4328 479 4386 laenati,
492 4331 534 4375 sed
548 4328 604 4388 qsls
617 4330 698 4376 muitls
711 4330 841 4376 abundabit
854 4362 861 4375 .
872 4361 896 4375 ..
1003 4340 1033 4376 et.
1046 4331 1070 4376 Α
1083 4331 1106 4377 in
1121 4341 1208 4386 merea

226 4398 333 4447 Secunde
343 4411 407 4457 pers.
459 4398 489 4446 si.
499 4400 590 4457 ΑΑρι
599 4400 672 4446 deest.
727 4400 891 4458 17.eonnnne;
901 4400 978 4458 Auen
988 4400 1012 4447 la
1021 4401 1087 4448 omni
1096 4408 1208 4458 tempora

125 4480 127 4492 ¹
225 4480 261 4514 so.
282 4472 306 4517 Α
327 4470 352 4515 ln
375 4481 465 4527 merae
492 4468 631 4516 bitterensis
651 4469 713 4517 inter
740 4479 862 4528 pcoestm
884 4470 979 4527 presciti
1001 4478 1025 4518 et
1046 4469 1207 4530 predestinati.

226 4546 258 4582 en.
272 4536 304 4584 be
318 4536 442 4585 beccam
456 4551 498 4598 per
511 4539 629 4586 eeeidess.
735 4538 769 4587 si
782 4538 814 4586 us
829 4546 851 4585 et
865 4539 1121 4587 emadan-tamea
1134 4538 1207 4586 deest

226 4616 262 4664 sp.
276 4607 298 4653 Α
311 4608 357 4666 ap
370 4608 523 4669 eqelseestsr
537 4631 563 4643 -
575 4608 729 4669 dampnabile
740 4608 815 4657 deest.
