3262 5226
793 467 966 522 sonamus
983 465 1133 521 wtcutr.
1299 524 1307 539 Ι
1351 444 1467 539 [caan

468 626 632 694 Simulaut
652 624 740 689 enim
763 646 802 689 ex
829 625 958 710 palliata
980 621 1116 709 ypocrisi
1140 625 1229 710 quod
1251 622 1315 690 sint
1336 622 1392 688 filii
1408 623 1580 696 Deitas!

472 753 531 817 per
551 729 689 816 graciam
711 729 903 815 adopcionis
925 744 957 794 et
978 728 1041 793 filie
1064 727 1193 793 ecclesie
1209 729 1317 794 matris
1333 749 1390 794 sue
1405 750 1467 814 pro

471 836 564 902 cuius
587 834 707 899 iuribus
730 847 859 898 tantum
877 835 992 900 zelant
1015 833 1175 898 Dicamus
1191 833 1295 919 inquit
1308 835 1465 917 scriptum

471 942 512 1007 de
542 940 707 1018 hereticis,·
740 959 804 1004 non
842 941 927 1002 enim
965 947 1112 1002 nostram
1143 938 1282 1016 salutem
1313 937 1372 1003 sed
1403 956 1466 1001 sua

471 1056 611 1131 queunt
632 1043 740 1122 lucra,
763 1055 794 1108 et
815 1043 985 1127 deceptum
999 1062 1135 1128 gregem
1146 1041 1286 1126 pedibus
1302 1043 1373 1105 suis
1387 1057 1491 1111 con-s

471 1159 589 1216 terant.
618 1148 710 1212 Pater
740 1146 868 1211 heretici
902 1162 950 1213 est
972 1147 1058 1211 Deus
1085 1145 1141 1230 qui
1175 1145 1291 1210 creavit
1317 1165 1402 1227 eum,
1433 1157 1466 1210 et

473 1266 574 1317 mater
605 1251 752 1335 ecclesia;
780 1271 892 1316 socrus
918 1250 959 1314 ad
989 1250 1111 1314 literam
1139 1263 1186 1314 est
1211 1263 1313 1314 mater
1337 1248 1465 1315 alterius

472 1356 657 1440 coniugum.
680 1362 741 1421 Ast
763 1375 844 1419 uxor
865 1355 932 1420 nati
951 1353 1066 1419 dicitur
1081 1375 1149 1419 esse
1166 1374 1276 1436 nurus,
1299 1374 1374 1418 cum
1389 1373 1464 1438 ergo

472 1459 617 1525 Christus
644 1461 822 1525 secundum
849 1458 1083 1524 humanitatem
1110 1457 1151 1523 sit
1177 1478 1318 1542 sponsus
1344 1462 1464 1535 anime,
1504 1540 1509 1549 ,

471 1565 540 1628 imo
562 1563 664 1628 tocius
687 1564 832 1648 ecclesie;
862 1578 894 1628 et
916 1583 992 1628 cum
1015 1563 1077 1626 hoc
1100 1576 1275 1647 conceptus
1296 1564 1336 1626 de
1352 1561 1463 1646 spiritu
1475 1593 1508 1632 ιο

472 1682 583 1733 sancto
609 1682 775 1754 tamquam
802 1681 903 1733 matre
931 1687 990 1732 sua
1011 1666 1099 1730 iuxta
1126 1664 1205 1729 illud
1235 1666 1324 1750 quod
1350 1665 1465 1749 allegat

470 1773 661 1858 leronymus
691 1821 700 1839 .
730 1822 740 1841 .
771 1819 780 1837 .
811 1822 821 1839 .
856 1770 945 1837 Tulit
966 1791 1018 1836 me
1040 1779 1146 1834 maier
1166 1789 1238 1834 meu
1263 1771 1295 1833 in
1316 1789 1384 1833 ano
1408 1788 1464 1834 cu·

467 1877 626 1962 pillarum
660 1897 806 1944 meorum
840 1875 930 1956 (caro
964 1874 1051 1940 enim
1083 1889 1131 1939 est
1162 1873 1296 1959 capillus
1333 1870 1464 1958 anime),

471 1995 559 2067 patet
588 1982 678 2067 quod
714 1967 858 2067 spiritus
872 1992 1011 2063 sanctus,
1050 2000 1126 2044 cum
1152 1978 1193 2044 sit
1208 1991 1321 2043 mater
1347 1976 1464 2042 Christi

472 2086 581 2171 sponsi
604 2085 743 2168 ecclesie,
771 2098 819 2151 est
845 2105 956 2150 socrus
987 2083 1093 2148 anime
1125 2104 1187 2170 que
1221 2081 1366 2147 vendicat
1395 2080 1511 2155 essers'

472 2211 590 2275 sponsa
613 2189 741 2273 Christi,
762 2189 838 2276 quia
860 2203 962 2254 mater
984 2187 1098 2253 mariti.
1127 2190 1169 2253 Et
1192 2208 1229 2253 ex
1252 2188 1364 2252 eadem
1386 2206 1464 2251 con·

473 2294 666 2360 sideracione
702 2295 809 2360 anima
845 2296 1037 2380 pretendens
1073 2313 1106 2358 se
1137 2315 1206 2359 esse
1237 2313 1372 2357 uxorem
1408 2290 1464 2356 filii

473 2398 601 2484 spiritus
626 2399 725 2464 sancti
752 2399 868 2463 dicitur
895 2417 998 2463 nurus
1024 2397 1101 2483 eius.
1140 2397 1278 2463 Heretici
1306 2418 1381 2482 ergo
1408 2396 1465 2483 qui

472 2503 664 2586 pretendunt
685 2524 720 2567 se
742 2524 810 2568 esse
838 2523 938 2568 nuros
960 2501 1090 2587 spiritus
1111 2501 1210 2567 sancti
1235 2522 1332 2588 quem
1354 2500 1464 2565 vendi·

472 2620 546 2670 cant
572 2627 700 2671 socrum
726 2628 830 2691 suam,
863 2620 1050 2693 separantur
1079 2607 1119 2671 ab
1151 2628 1190 2671 eo
1222 2627 1279 2691 per
1300 2605 1465 2672 Christum
1475 2638 1509 2676 so

473 2711 594 2775 detecta
616 2731 731 2777 eorum
753 2711 886 2794 fallacia,
909 2726 941 2776 et
963 2712 1007 2775 ita
1029 2731 1105 2775 curn
1128 2710 1313 2775 universalis
1336 2709 1466 2776 ecclesia

472 2813 513 2879 sit
545 2815 662 2880 domus
693 2815 817 2881 domini
843 2816 918 2880 lesu
946 2813 1076 2898 Christi,
1102 2829 1134 2879 et
1165 2835 1222 2899 per
1254 2835 1465 2901 consequens,

436 2908 442 2921 ’
472 2939 586 2984 omnes
614 2919 742 2985 heretici
774 2921 831 3005 qui
864 2935 940 2985 sunt
971 2920 1144 2985 facietenus
1171 2919 1204 2984 in
1233 2920 1363 2985 ecclesia
1389 2935 1466 2986 sunt

473 3037 617 3108 pretense
639 3023 706 3089 eius
729 3024 909 3109 domestici,
931 3038 1019 3111 patet
1033 3025 1123 3110 quod
1138 3046 1252 3089 omnes
1268 3024 1313 3088 illi
1328 3039 1404 3090 sunt
1419 3025 1464 3089 illi

473 3126 596 3191 homini
618 3127 834 3212 patrifamilias
856 3128 988 3193 inimici.
1012 3128 1125 3193 Huius
1148 3128 1253 3213 inquit
1274 3129 1464 3214 leronymus
1476 3115 1508 3197 35

473 3232 594 3296 inimici
614 3242 691 3295 sunt
712 3236 769 3316 qui
784 3243 953 3317 putantur
974 3233 1009 3296 in
1030 3232 1125 3297 domo
1151 3232 1272 3296 Christi
1294 3252 1374 3318 esse,
1406 3234 1466 3299 hoc

473 3401 556 3458 spousi
573 3401 652 3457 aniate
670 3414 712 3447 seu
731 3401 839 3447 ecclesie.
855 3400 943 3447 anima
957 3413 1013 3447 vcro
1027 3409 1062 3447 eat
1076 3414 1150 3447 nurus
1163 3401 1262 3458 spiritus
1276 3403 1358 3461 sancti,
1372 3416 1426 3449 cum
1440 3417 1466 3450 se

474 3471 588 3528 pretenta
602 3484 654 3516 esse
668 3482 783 3528 sponsam
797 3471 837 3516 iiiii
846 3471 946 3528 spiritus
955 3470 1037 3529 sancti,
1052 3469 1094 3530 qul
1107 3470 1169 3516 iilius
1182 3471 1269 3516 dicitur
1283 3484 1336 3517 esse
1351 3471 1466 3519 Christus.

474 3539 594 3586 ilereticus
608 3553 664 3596 erpo
684 3539 799 3597 pretendit
815 3552 841 3585 ae
859 3539 942 3598 filium,
960 3538 1031 3585 filiam
1045 3546 1068 3586 et
1085 3551 1180 3598 nurum,
1194 3552 1265 3597 quem
1279 3538 1389 3586 Christus
1403 3542 1466 3588 venit

473 3621 582 3666 separare
595 3618 692 3668 epatre,
706 3616 781 3655 matre
790 3617 900 3655 etaocru.
914 3608 943 3654 Et
953 3615 1016 3666 patet
1025 3607 1166 3654 brevissima
1174 3617 1265 3657 textus:
1282 3608 1341 3655 i'eui
1352 3622 1467 3668 separare

473 3680 584 3726 homiaem
595 3679 707 3726 adversus
717 3685 808 3737 patrem
820 3691 886 3725 suam
899 3677 1008 3734 etfiliasa
1019 3677 1133 3726 aduerm
1145 3683 1250 3725 mera.

517 3779 534 3813 t.
547 3766 578 3813 ils
598 3767 662 3826 quod
682 3768 731 3813 siut
752 3767 799 3813 dei.
905 3777 926 3811 a.
941 3766 972 3812 us
992 3767 1038 3812 iilis
1056 3765 1138 3812 matris
1152 3778 1194 3812 sue
1208 3778 1254 3825 pro
1268 3765 1356 3826 quihus
1370 3767 1468 3814 viribus.

474 3836 494 3884 i.
504 3836 527 3882 ⁶.
537 3836 566 3882 B:
582 3836 699 3883 coutrielt
715 3836 733 3881 B
746 3837 771 3883 lu
785 3849 852 3896 mua
865 3836 945 3884 iniens

475 3907 537 3952 Deus
551 3913 617 3964 pater
629 3906 867 3994 parmenionem&
886 3904 1242 3994 silereneuspreteususiilius
1250 3918 1293 3964 per
1302 3905 1468 3968 adupcloueru,

474 3974 578 4022 Ecclesia
592 3987 674 4034 auras,
837 3973 1045 4074 7-§ilereticua
1066 3973 1115 4019 tilia
1133 3975 1264 4021 meandum
1285 3976 1470 4037 preteusloueuu,

475 4044 574 4101 Spiritus
588 4052 685 4092 nunus
698 4057 781 4091 socrus
922 4043 1046 4090 llereticus
1057 4044 1270 4089 numssecoaaum
1282 4042 1468 4092 simulationem.

476 4127 506 4162 ra.
518 4114 674 4174 leronymus:
689 4113 713 4159 in
728 4114 800 4160 codd.
814 4127 865 4174 seq.
878 4115 971 4160 laeuus.
1047 4149 1059 4166 .
1104 4112 1135 4159 ti.
1149 4113 1175 4159 ln
1189 4112 1265 4158 codis
1281 4113 1379 4159 ecclesis
1394 4114 1468 4172 quoti.

477 4181 580 4230 correxi
646 4183 723 4229 aaliz
737 4185 852 4242 erigitur.
936 4182 1046 4232 §.aas
1061 4182 1296 4240 huiusmodllnquit.
1310 4184 1468 4241 &contexite

476 4252 556 4310 huius3
569 4253 618 4299 sid.
630 4251 727 4300 eoum
741 4252 882 4316 llierouyml
895 4255 913 4302 i.
924 4265 947 4301 a.

519 4392 544 4446 6.
561 4396 742 4451 Commentar.
761 4396 917 4468 llierouymi
935 4397 963 4450 in
981 4392 1128 4449 Michaeam
1147 4393 1165 4448 l.
1184 4409 1207 4448 c.
1225 4409 1285 4464 pag.
1307 4392 1382 4447 tilio.
