3262 5226
107 288 177 370 ³³4
361 368 366 379 ⁶
597 298 831 397 'sonatan
848 299 997 357 wtcur.
1157 279 1241 375 [car.
1253 297 1308 346 xv.

323 456 524 545 epicimutde
532 406 740 545 prendoptpt
748 470 781 524 ct
789 456 1196 543 auiapreudocardinalinua
1204 458 1259 546 qui
1269 479 1308 524 ex
1320 476 1380 545 ¹7⁵⁸
1392 475 1420 530 D

107 574 319 687 illam
325 561 474 649 cupidine
488 560 587 629 taam
600 575 634 628 et
643 574 786 649 questos,
801 580 869 627 non
884 574 991 627 autent
1002 581 1040 626 ex
1050 562 1198 648 cupidine
1213 561 1306 627 meri·

107 682 158 729 na
171 665 397 741 ammorii
414 666 576 753 profectur
596 664 788 732 conturbant
814 677 956 731 sanctam
979 679 1111 731 matrem
1133 666 1306 734 ecclesiam.

142 742 308 895 elma
367 770 485 837 'l'ercio
506 790 658 857 auppono
686 767 768 837 lacte
794 790 907 855 regum
928 768 1044 854 Anglie
1069 771 1212 856 superius
1239 786 1380 841 mean

233 892 273 937 ae

203 944 232 989 a·

129 892 162 937 ae
323 874 447 941 morata
467 888 500 945 et
521 873 789 961 perseveranciam
811 873 894 959 regia
913 887 945 939 et
966 872 1055 959 regni
1076 875 1116 939 ad
1137 874 1332 943 defendens
1433 940 1436 945 ,

119 942 185 1041 'iiii
193 950 267 1041 ’σωκ
323 980 402 1045 dnm
431 978 514 1046 hanc
543 992 736 1065 potestatem
765 993 933 1065 tamquam
960 978 1135 1065 legitimam
1167 994 1199 1046 et
1228 980 1307 1065 regis

323 1082 438 1168 Anglie
460 1084 648 1170 precipuam
680 1082 840 1170 regaliam.
872 1084 920 1149 Ex
949 1104 1017 1171 quo
1047 1085 1189 1172 sequitur
1218 1087 1306 1170 quod

323 1186 383 1271 ipsi
398 1202 587 1273 supponunt
600 1186 663 1253 lroc
677 1187 758 1273 regit
776 1186 976 1273 privilegium
992 1209 1057 1253 non
1073 1210 1141 1255 ease
1154 1188 1306 1254 catholice

322 1290 442 1357 veritati
464 1292 633 1358 diatonum
653 1293 709 1357 ted
730 1311 922 1381 consonum,
950 1312 1025 1356 cnm
1047 1289 1099 1382 (ut
1120 1293 1244 1380 dicunt)
1266 1293 1307 1357 sit
1352 1292 1355 1297 ’

323 1391 485 1463 landabile
514 1396 724 1482 inscriptura
754 1396 873 1483 inqua
894 1396 1000 1460 omnis
1032 1396 1143 1463 veritas
1177 1412 1209 1461 et
1240 1417 1305 1461 non
1318 1427 1350 1465 ιο

323 1498 382 1564 niai
404 1501 518 1567 veritae
539 1500 695 1567 catholica
716 1512 764 1567 eet
783 1513 943 1566 contenta
965 1566 1039 1583 ,Ἣ

366 1604 413 1669 Ea
435 1604 503 1671 ntis
525 1605 570 1671 sic
591 1620 708 1690 arguo:
740 1606 842 1691 Reges
864 1604 977 1690 Anglie
1007 1625 1082 1690 sepe
1111 1605 1306 1671 abstulerunt

324 1708 509 1795 temporalia
525 1708 711 1794 simpliciter
731 1730 750 1773 a
772 1709 858 1774 clero
880 1729 951 1791 ano,
975 1722 1010 1773 ut
1023 1722 1110 1793 patet
1131 1729 1169 1772 ex
1184 1730 1304 1794 suppo·

323 1812 442 1877 sicione
463 1813 568 1895 tercia,
589 1826 622 1878 et
645 1833 859 1898 necunquam
875 1813 1072 1878 abstulerunt
1092 1812 1136 1877 ric
1156 1813 1304 1899 legitime,

105 1929 382 1980 oarmaoeamnec
404 1929 579 2001 potuerant
608 1916 747 2002 legitime
776 1917 821 1980 ric
852 1916 982 2000 auferre,
1013 1930 1049 1981 ut
1080 1930 1167 2001 patet
1196 1938 1233 1981 ex
1256 1933 1348 1987 rte-15

105 1994 135 2026 ⁸⁸
198 1980 427 2131 Qi‘cunda
459 2020 664 2085 conclusione
694 2034 726 2085 et
755 2021 850 2087 tercia
880 2020 1028 2088 doctoris.
1065 2021 1149 2104 Ergo
1179 2021 1212 2085 in
1244 2021 1305 2086 hoc

171 2136 244 2197 atae
272 2097 300 2144 ⁸⁸
324 2122 465 2190 fecerum
490 2124 625 2211 qualiter
651 2144 717 2190 non
744 2138 919 2210 potuerunt
940 2123 1080 2208 legitime
1103 2123 1211 2190 lacere.
1257 2127 1304 2190 Ex
1384 2127 1423 2135 ”

322 2249 389 2315 qao
419 2229 561 2316 sequitur
597 2228 680 2294 ultra
714 2228 803 2323 quod
833 2227 866 2291 in
907 2227 969 2291 hoc
1000 2227 1140 2294 lecerunt
1171 2230 1305 2316 qualiter

323 2353 387 2397 non
411 2347 585 2419 potuerunt
607 2332 767 2398 meritorie
789 2333 838 2396 vel
861 2332 901 2397 de
914 2329 936 2378 t
949 2330 1018 2417 lege
1040 2331 1097 2397 Dei
1131 2330 1240 2416 lacere,
1272 2346 1377 2419 et175¹

322 2458 397 2502 corn
419 2458 517 2503 omne
537 2457 621 2522 opna
642 2436 822 2501 humanum
843 2456 881 2502 ex
903 2435 1130 2501 deliberacione
1151 2458 1209 2502 sua
1232 2458 1301 2524 pre·
1314 2469 1348 2507 ao

324 2542 437 2607 cedent
458 2542 500 2607 ait
520 2542 698 2627 legitimum
719 2542 769 2606 vel
792 2540 1005 2626 illegitimum,
1031 2541 1228 2606 meritoriam
1254 2543 1304 2607 vel

323 2644 572 2727 demeritorium,
593 2645 737 2730 requitur
758 2644 847 2730 quod
871 2643 1032 2729 illegitime
1054 2658 1085 2710 et
1106 2646 1304 2713 demeritorie

322 2749 367 2814 ric
390 2748 540 2833 lecerunt,
571 2763 603 2814 et
625 2751 705 2814 ultra
728 2748 871 2835 requitur
893 2750 980 2835 quod
1003 2748 1181 2815 inciderunt
1202 2765 1238 2815 ut
1259 2750 1303 2815 ric

321 2852 354 2918 in
369 2874 506 2919 errorent
522 2853 746 2939 periculosum,
761 2853 837 2939 quia
849 2867 915 2917 tam
931 2854 1072 2938 corporis
1087 2873 1182 2940 quam
1199 2855 1303 2919 anime

322 2958 563 3043 dampnabiliter
584 2958 786 3042 perditivum.
808 2959 848 3023 Et
871 2957 1039 3042 supposito
1061 2980 1163 3023 errore
1186 2960 1246 3025 isto
1269 2959 1344 3027 inas

323 3061 416 3144 lacto,
438 3077 525 3148 patet
545 3065 635 3149 quod
657 3078 704 3129 est
726 3063 926 3148 pertinaciter
947 3062 1134 3147 defensatus,
1157 3065 1231 3150 quia
1251 3086 1302 3129 rex

321 3180 352 3231 et
389 3187 524 3251 regnum
564 3182 745 3231 constanter
787 3167 960 3232 defendunt
996 3167 1076 3231 hanc
1113 3183 1302 3252 potestatem

104 3279 152 3377 app
161 3287 312 3378 ‘ffil'rlaw
320 3285 486 3357 tamquam
517 3270 692 3357 legitimam
723 3271 823 3336 eciam
855 3291 957 3357 usque
986 3271 1026 3335 ad
1059 3287 1196 3337 mortem
1227 3296 1303 3339 cum

153 3344 257 3437 ⁸tal¹l=r⁰
319 3374 425 3458 gladio
453 3376 478 3439 si
507 3389 642 3460 oportet.
671 3377 712 3440 Et
738 3376 825 3461 quod
848 3395 934 3439 error
954 3375 1010 3438 iste
1033 3375 1074 3439 sit
1088 3376 1203 3441 directe
1225 3399 1302 3443 con·

319 3479 432 3543 trarius
448 3479 600 3543 catholice
616 3479 748 3559 veritati,
758 3493 843 3562 patet
858 3478 1018 3563 tripliciter
1032 3501 1068 3543 ex
1084 3480 1172 3545 datis.
1183 3481 1323 3566 Primo,t

319 3580 393 3667 quia
420 3603 472 3647 rex
495 3582 539 3646 sic
563 3581 707 3647 iaciendo
731 3580 803 3646 lecit
825 3584 913 3668 quod
936 3603 1000 3645 non
1023 3582 1111 3647 licuit
1133 3605 1190 3648 nec
1210 3586 1302 3651 licere

319 3686 434 3769 potuit,
465 3699 502 3750 ut
533 3685 674 3770 sequitur
703 3706 741 3749 ex
774 3686 863 3753 datia.
895 3685 1051 3768 Secundo,
1083 3688 1157 3773 quia
1188 3688 1301 3753 iniuste

360 3917 390 3952 ta.
405 3905 426 3951 Α
440 3907 464 3952 ln
479 3918 566 3965 marga
584 3906 662 3955 Poene
677 3908 751 3953 racto.
855 3905 888 3954 al.
908 3906 938 3952 lle
957 3914 980 3952 at
996 3907 1020 3953 ln
1034 3920 1144 3955 errorem.
1198 3906 1233 3953 lo.
1252 3911 1299 3966 Αμ

320 3975 425 4034 corrigite
439 3989 469 4022 ex
481 3974 558 4021 dictio.
758 3994 760 3998 ’

333 4099 337 4107 ⁸
368 4149 406 4186 ra.
424 4115 519 4203 eomp'.
536 4134 644 4186 loannis
662 4137 727 4188 llua.
753 4135 792 4187 De
809 4134 946 4188 oblacione
963 4136 1095 4188 bonorum
1113 4136 1301 4206 temporalium

323 4235 339 4279 ι
358 4223 466 4275 clericis.
485 4220 586 4291 (Opera
605 4224 646 4275 ed.
665 4222 884 4289 Norlnbergensia
906 4222 978 4290 1558,
997 4234 1059 4275 tom.
1078 4224 1098 4291 l,
1114 4224 1161 4277 iol.
1178 4224 1300 4292 cxxtlt)
