3262 5226
686 672 855 728 sommus
873 672 1021 727 wrcur.
1122 745 1124 748 y
1160 737 1187 745 μ
1211 650 1353 745 [crana

375 829 534 912 iniuriam,
570 832 645 916 quia
680 829 768 895 iuxta
798 829 881 895 dicta
917 829 951 892 in
982 828 1127 915 proximo
1163 841 1474 914 argument0165⁸G·

376 948 503 1019 oportet
532 933 764 1021 subintelligere
794 936 828 999 in
859 933 949 999 omni
980 934 1034 997 tali
1068 933 1201 1016 generali
1233 947 1351 997 statuto

376 1036 608 1122 beneplacitum
635 1039 738 1124 prime
760 1039 893 1104 iusticie.
917 1036 1054 1122 Oportet
1075 1058 1149 1122 ergo
1177 1038 1351 1101 secundum

173 1155 228 1203 Tb·
243 1156 354 1254 having
376 1141 499 1227 regulas
535 1141 687 1227 scripture
731 1143 844 1207 docere
884 1142 973 1227 quod
1009 1141 1155 1226 implecio
1198 1140 1350 1227 privilegii

159 1208 329 1306 cannabe&
343 1246 526 1332 ragenemlis
559 1247 591 1310 in
623 1267 698 1311 casu
720 1246 827 1331 posito
849 1245 891 1311 sit
912 1266 1054 1310 consona
1074 1245 1134 1329 legi
1157 1247 1224 1309 Dei.
1262 1247 1304 1309 Et
1324 1245 1376 1314 sis

158 1313 366 1421 necem-elam
375 1349 542 1415 consiliarii
579 1351 737 1437 sapientes
774 1350 978 1414 mundialiter
1013 1349 1141 1434 erigunt
1176 1370 1213 1413 ex
1249 1350 1351 1413 verbis

374 1455 526 1539 privilegii
558 1469 725 1541 tamquam
755 1475 944 1519 concessum
966 1474 1062 1518 omne
1084 1456 1170 1540 quod
1205 1453 1350 1519 sciverint

374 1559 542 1644 sophistice
564 1560 704 1645 palliare,
727 1572 834 1624 exacta
856 1573 903 1623 est
925 1580 1000 1624 cum
1032 1559 1161 1643 satrapis
1183 1559 1350 1622 Medorum

343 1658 354 1730 s
373 1663 556 1748 blasphema
581 1664 714 1750 peticio;
746 1664 807 1750 ipsi
840 1663 927 1729 enim
959 1663 1087 1750 exigunt
1116 1683 1302 1728 concessum
1331 1685 1350 1727 a

374 1767 512 1852 principe
527 1789 624 1834 omne
638 1770 726 1854 quod
739 1768 910 1853 sophistice
922 1767 1035 1833 inferre
1050 1783 1182 1853 possunt
1197 1790 1233 1833 ex
1249 1768 1349 1832 verbis
1363 1798 1393 1834 ιο

373 1870 537 1955 privilegii,
559 1871 624 1936 sive
646 1872 766 1937 iusrum
790 1871 883 1937 luerit
905 1872 970 1936 siae
998 1871 1159 1954 iniusmm,
1186 1893 1240 1937 seu
1269 1872 1348 1956 parti

374 1975 583 2060 privilegianti
621 1990 677 2041 aut
713 1976 908 2062 privilegiate
943 1975 1139 2041 meritorium
1172 1975 1264 2041 fucrit
1295 1991 1349 2041 aut

373 2078 622 2162 demeritorium,
653 2094 685 2144 et
716 2079 759 2144 ita
791 2079 856 2144 sive
879 2081 964 2144 Deus
1001 2080 1078 2144 illud
1114 2080 1249 2144 voluerit
1285 2081 1348 2144 sive

373 2184 519 2250 noluerit.
542 2186 604 2250 Sed
627 2185 660 2248 in
683 2184 776 2250 istam
798 2184 1029 2271 blasphemiam
1052 2206 1116 2249 non
1138 2199 1242 2270 potest
1263 2184 1348 2269 prin·

374 2309 448 2373 ceps
470 2290 566 2355 seculi
591 2310 648 2354 nec
670 2289 771 2354 eciam
792 2289 880 2354 Deus
902 2289 980 2374 ipse,
995 2289 1067 2354 ideo
1088 2288 1260 2354 instruendi
1275 2303 1390 2356 suntss

373 2392 517 2478 religiose
532 2393 657 2458 domini
671 2394 837 2475 seculares,
854 2413 893 2456 ne
909 2413 946 2457 ex
960 2393 1141 2480 ignorantia
1155 2393 1349 2458 condicionis

373 2495 527 2581 privilegii
568 2513 600 2563 et
642 2496 915 2582 interpretacionis
952 2498 1019 2561 eius
1061 2497 1246 2582 participent
1295 2499 1347 2562 tali

374 2599 581 2686 blasphemie;
608 2601 755 2666 videntur
785 2600 872 2665 enim
903 2600 983 2665 cecis
1016 2603 1191 2666 secundum
1213 2601 1347 2667 formam

156 2725 204 2760 nor
220 2727 273 2775 may
278 2715 364 2813 ,pipp
373 2704 469 2768 talem
499 2707 671 2771 concedere
703 2706 758 2769 sed
790 2726 857 2768 non
880 2720 1023 2791 possunt.
1046 2707 1132 2771 Sicut
1153 2720 1261 2771 autem
1283 2728 1347 2771 non

127 2867 131 2874 .
169 2775 350 2929 ,ffihgubpsg'
372 2826 506 2893 possunt
527 2812 698 2876 concedere
713 2812 800 2897 quod
816 2810 980 2875 manifeste
996 2825 1132 2896 vergeret
1149 2813 1188 2875 ad
1209 2812 1346 2875 destruc·
1357 2841 1391 2878 ιο

156 2933 186 2966 ⁰¹
199 2932 224 2967 ¹⁰
235 2923 361 3019 §apprimo
373 2913 499 2977 cionem
520 2914 607 2998 regni
631 2915 679 2979 sui
702 2916 751 2978 vel
774 2914 831 2978 Dei
855 2913 1003 2978 iniuriam
1017 2911 1046 2995 ⁴⁸,
1062 2913 1105 2977 sic
1127 2935 1191 2977 non
1214 2930 1418 2999 possuntros·

223 2987 256 3031 η’
282 2989 301 3020 ⁸
373 3019 543 3081 concedere
574 3018 774 3104 privilegium
812 3019 901 3104 quod
938 3017 1063 3083 inferret
1096 3039 1151 3103 per
1187 3040 1219 3082 se
1256 3019 1347 3083 alicui

373 3120 520 3184 iniuriam
551 3123 600 3185 vel
632 3124 720 3206 quod
751 3122 918 3186 occasione
949 3122 1022 3186 data
1052 3122 1116 3185 suis
1147 3123 1278 3187 subditis
1308 3124 1349 3189 sit

371 3225 598 3308 dampnosum.
623 3225 797 3289 Concessio
829 3227 916 3289 enim
948 3229 1016 3291 talis
1047 3228 1179 3292 subdola
1210 3249 1275 3291 non
1302 3241 1348 3291 est

372 3329 543 3410 concessio,
559 3331 641 3395 sicut
662 3350 720 3392 nec
736 3329 899 3395 lucilerina
914 3332 1082 3416 promissio
1097 3332 1224 3397 Matthei
1236 3333 1304 3414 ΝΟ,
1317 3353 1347 3415 9,
1359 3348 1389 3401 ²5

371 3452 434 3516 qua
458 3433 529 3495 Jesu
555 3448 664 3497 nostro
689 3434 764 3497 lalse
787 3435 976 3519 promiserat
1000 3439 1087 3522 quod
1110 3438 1217 3502 onznia
1243 3455 1348 3522 regna

371 3536 483 3600 mundi
511 3537 573 3601 sibi
604 3537 709 3619 daret,
731 3538 762 3601 si
782 3538 903 3603 cadens
926 3541 1029 3623 ipsum
1053 3542 1249 3624 adoraverit,
1283 3562 1348 3605 non

372 3638 480 3704 luisset
511 3640 658 3720 donacio,
682 3661 739 3704 nec
762 3641 808 3704 las
831 3657 879 3706 est
902 3644 1112 3728 dogmatizare
1142 3646 1236 3712 istam
1266 3648 1347 3710 blas·

371 3743 539 3826 phemiam,
564 3759 599 3808 ut
621 3766 660 3808 eo
684 3745 753 3830 ipso
776 3767 843 3831 quo
860 3746 1005 3831 princeps
1020 3762 1160 3812 terrenus
1180 3751 1349 3815 decreverit

370 3847 412 3909 sic
451 3868 526 3930 esse,
564 3850 706 3934 sequitur
740 3852 829 3934 quod
867 3850 907 3914 sit
944 3851 1072 3933 iustum,
1109 3851 1184 3937 quia
1220 3868 1390 3921 sancms3o

370 3952 665 4018 Nabuchodonosor
680 3953 734 4039 qui
756 3954 814 4018 luit
830 3975 914 4018 unus
936 3954 975 4019 de
996 3955 1231 4039 potencioribus
1254 3979 1346 4021 mon·

369 4055 469 4119 archis
491 4079 508 4119 a
531 4059 642 4122 mundi
667 4058 824 4146 principio
849 4079 914 4121 non
938 4060 1042 4142 potuit
1063 4059 1224 4124 vendicare
1255 4059 1346 4123 istam

369 4160 557 4244 potenciam,
580 4182 654 4226 cum
677 4163 735 4227 soli
759 4163 828 4226 Deo
851 4163 892 4227 sit
913 4164 1049 4249 propria.
1084 4166 1124 4230 Et
1145 4165 1216 4229 dico
1242 4164 1347 4248 ipsum

407 4446 430 4492 8.
450 4446 481 4492 ns
501 4456 664 4496 essetecum.
749 4463 781 4505 ra.
796 4463 843 4497 non
859 4459 942 4510 potest.
956 4464 990 4499 se.
1003 4453 1112 4501 incidere
1191 4466 1222 4512 ¹7.
1239 4453 1272 4502 18.
1294 4452 1346 4501 uro
1413 4506 1416 4511 ,

368 4517 511 4576 blasphemie
533 4518 556 4563 la
579 4519 649 4565 codd.
761 4533 793 4580 ro.
816 4525 839 4569 Α
862 4523 886 4569 la
909 4534 995 4581 maras
1015 4522 1149 4571 concludo.
1256 4525 1292 4572 ab.
1315 4524 1346 4571 br

367 4586 528 4644 contraham
542 4600 601 4648 quta
616 4588 688 4633 addes
703 4589 819 4636 dlabolus.
924 4591 959 4638 a&
972 4595 995 4640 Α
1008 4592 1032 4639 la
1046 4605 1134 4651 armas
1148 4592 1285 4640 Coaclaslo.
