3262 5226
155 504 231 569 ²⁵8
705 518 877 573 sonamus
896 516 1042 569 wvcarr.
1222 492 1305 586 [car.
1318 505 1369 551 ¹¹¹·

156 674 591 797 'fflffss’fflffffln'ilium
605 677 707 761 quod
722 674 959 739 honorarent
974 672 1202 757 scripturam
1218 688 1371 748 sacram,
1384 681 1445 738 165·
1457 683 1483 736 Ε

157 792 458 891 raporqt‘eurgqnqnytam
493 780 607 844 verbo
637 800 748 865 quam
779 799 909 864 opere,
940 776 1030 862 quia
1058 776 1139 840 sine
1174 795 1370 839 conserva·

204 854 351 955 patriciaci
387 884 495 948 cione
512 883 627 948 huius
641 897 742 947 carte
756 880 999 966 impossibile
1026 894 1082 944 est
1103 881 1208 965 quod
1223 893 1371 943 maneat

387 988 550 1074 dignitas
586 988 631 1052 ad
668 985 913 1073 privilegium
943 986 1004 1048 vel
1041 984 1200 1069 aliquod
1230 984 1370 1046 bonum

385 1092 591 1175 gratuitum
624 1092 860 1177 capiendum.
892 1089 965 1154 Alie
998 1105 1107 1155 autem
1130 1104 1213 1154 carte
1236 1101 1397 1173 prosunt5

385 1195 579 1281 quandoque
599 1217 656 1281 per
677 1198 835 1277 accidens,
858 1197 913 1259 sed
936 1215 1104 1280 nunquam
1127 1194 1185 1257 nisi
1209 1193 1242 1256 in
1257 1191 1370 1256 virtute

385 1299 566 1363 testamenti
589 1299 712 1364 domini
735 1299 950 1385 principaliter
971 1298 1138 1363 observati.

160 1412 188 1462 2
200 1414 221 1461 ¹¹
234 1413 376 1512 Ὧήκιεᾰ
429 1402 544 1467 Tercio
553 1403 768 1489 principaliter
777 1403 913 1468 obicitur
921 1424 978 1487 per
987 1403 1049 1467 hoc
1063 1404 1153 1488 quod
1168 1399 1369 1486 privilegium
1380 1414 1406 1468 Ρ

184 1521 212 1573 a)
224 1520 356 1617 trsgiaqq
386 1526 497 1591 regum
520 1521 568 1571 est
589 1507 641 1591 pie
656 1521 687 1572 et
702 1507 945 1572 misericorditer
959 1506 1244 1591 interpretandum,
1260 1527 1370 1592 ymmo

173 1580 367 1722 &Egilia-‘⁸
387 1608 592 1675 necessitante
615 1631 689 1675 casu
712 1613 753 1676 ad
775 1612 909 1698 aliquod
932 1610 1158 1674 inconveniens
1185 1610 1370 1694 fugiendum
1384 1628 1421 1678 ια’

198 1688 222 1721 ⁰
282 1687 342 1733 '⁷'
386 1728 433 1779 est
459 1714 563 1778 maius
589 1714 817 1780 inconveniens
844 1729 875 1780 et
897 1714 1124 1779 inconveniens
1146 1714 1253 1778 minus
1281 1715 1370 1778 tolle·

385 1818 533 1884 randum.
561 1820 635 1883 Non
658 1840 733 1905 ergo
757 1819 916 1906 sequitur:
939 1820 1015 1884 dato
1037 1819 1204 1904 privilegio
1232 1818 1372 1903 sequitur

386 1921 621 2005 inconveniens,
644 1945 719 2008 ergo
742 1925 850 2009 ipsum
877 1939 924 1989 est
952 1924 1089 2010 impium
1111 1926 1162 1988 vel
1184 1923 1371 2006 tollendum,

213 2038 262 2084 aaa
275 2038 325 2085 unt
389 2047 462 2091 cum
486 2043 563 2092 tunc
585 2029 795 2113 evangelium,
812 2029 918 2114 passio
934 2029 1052 2094 Christi
1075 2044 1107 2094 et
1128 2049 1226 2093 omne
1248 2030 1371 2093 bonum

177 2090 203 2143 b)
219 2102 234 2135 a
248 2092 364 2149 privilege

162 2130 466 2255 ¹pppqppppeq·lorct
495 2133 683 2214 tollendum,
707 2154 782 2197 cum
804 2133 970 2198 occasione
993 2133 1077 2198 male
1098 2148 1226 2217 accepta
1251 2134 1413 2202 malumus

200 2248 338 2293 maiora
386 2256 423 2300 ex
456 2236 511 2299 illo
542 2236 697 2320 provenit.
730 2238 772 2302 Et
809 2238 905 2302 istum
944 2238 1105 2303 obiectum
1138 2240 1275 2302 clamant
1305 2251 1371 2301 tam

226 2311 318 2358 Μ’
386 2340 540 2404 scolastici
571 2363 669 2427 quarn
700 2342 845 2427 vulgares
868 2342 899 2405 in
923 2356 1051 2407 tantum
1072 2343 1161 2428 quod
1184 2363 1268 2406 unus
1294 2341 1369 2405 iuri·

386 2444 474 2509 dicus
511 2445 589 2508 dixit
624 2446 719 2509 michi
757 2447 880 2510 nullam
917 2467 986 2510 esse
1022 2446 1125 2532 legem
1162 2446 1370 2510 universalem

385 2547 568 2630 humanam,
584 2550 660 2635 quin
682 2572 758 2636 sepe
780 2552 811 2614 in
836 2572 909 2616 casu
933 2571 1061 2614 necesse
1085 2550 1125 2615 sit
1146 2571 1182 2613 ex
1206 2550 1259 2613 illa
1281 2551 1368 2633 sequi

386 2650 575 2716 iniusticiam
616 2654 797 2720 iudicando.
843 2656 917 2719 ldeo
956 2655 1149 2719 attendendo
1186 2655 1227 2716 ad
1268 2652 1369 2715 maius
1380 2683 1413 2718 20

386 2756 509 2821 bonum
531 2756 652 2824 irrrtus
674 2780 774 2843 quam
796 2761 919 2823 malum
941 2759 1094 2841 delectus,
1132 2759 1226 2821 debet
1249 2756 1370 2819 malum

386 2862 504 2924 nedum
527 2862 666 2946 permitti
688 2864 743 2927 sed
766 2861 831 2926 fieri
855 2878 987 2947 propter
1008 2864 1141 2927 bonum.

214 2958 328 3003 naama
432 2966 481 3027 Ad
498 2965 593 3029 istum
613 2967 774 3031 obiectum
797 2969 976 3051 respondeo
1000 2968 1203 3030 concedendo
1226 2987 1370 3050 assump-

164 3012 192 3062 ι)
203 3008 251 3054 We
260 3018 327 3065 grant
335 3009 377 3056 tlte

165 3064 472 3169 ’qffiflgg{22vfe¹{¹¹'tum;
513 3072 567 3133 sed
591 3091 648 3133 nec
670 3072 719 3134 lex
743 3072 799 3135 Dei
824 3092 881 3134 nec
904 3071 1010 3155 aliqua
1032 3072 1080 3133 lex
1104 3071 1185 3133 iusta
1208 3070 1373 3133 necessirat

172 3169 369 3265 naamam
386 3175 425 3234 ad
456 3174 577 3257 aliquid
612 3175 809 3259 culpabiliter
841 3176 1033 3254 iaciendum,
1064 3175 1136 3237 ideo
1169 3195 1293 3237 necesse
1325 3189 1415 3239 estas

386 3278 470 3361 leges
505 3279 581 3341 tales
622 3278 736 3342 habere
771 3282 943 3362 prudentes
978 3279 1161 3361 interpretes
1197 3280 1372 3341 secundum

387 3402 514 3444 sensum
547 3403 632 3445 sacre
664 3383 828 3466 scripture,
861 3398 897 3445 ut
929 3399 996 3445 tarn
1018 3382 1251 3465 privilegiantes
1274 3403 1371 3467 quam

386 3485 573 3570 privilegiati
604 3487 702 3549 active
736 3501 768 3549 et
799 3487 921 3570 passive
955 3485 1143 3569 participant
1175 3487 1372 3550 meritorium

388 3589 524 3654 lructum
555 3591 717 3674 privilegii,
749 3593 870 3655 salvato
893 3611 1019 3673 semper
1050 3591 1115 3652 iure
1148 3590 1314 3654 cuiuslibet
1343 3605 1374 3653 et

385 3695 561 3778 postposita
582 3696 766 3778 generaliter
789 3695 900 3758 iniuria
923 3696 1149 3778 undequaque.
1184 3693 1276 3756 Unde
1304 3715 1368 3757 non
1385 3710 1418 3761 30

386 3812 432 3862 est
454 3800 602 3884 possibile
613 3800 743 3883 *legem
759 3816 877 3865 rectam
892 3799 986 3862 statui
1004 3811 1035 3861 et
1049 3819 1159 3861 casum
1180 3796 1373 3880 contingere,
1389 3813 1448 3866 ‚55⁸

387 3905 463 3987 quin
495 3906 672 4000 secundum
703 3907 843 3988 regulam
878 3924 963 3966 sacre
995 3903 1147 3987 scripture
1170 3901 1238 3965 tolli
1271 3914 1376 3985 potest

387 4007 611 4070 inconveniens
632 4008 762 4090 peccati,
784 4009 859 4092 quia
881 4009 920 4070 ad
945 4005 1115 4069 minimum
1137 4026 1201 4069 non
1228 4005 1375 4068 existente

427 4239 444 4271 r.
465 4227 518 4272 aa
537 4226 561 4273 ln
581 4200 668 4285 mara:
689 4227 822 4273 Consilium
838 4228 936 4273 bonurn.
1044 4228 1066 4271 8.
1085 4228 1107 4272 Α
1127 4227 1151 4272 in
1170 4237 1258 4282 maras
1280 4224 1375 4271 Contra
1437 4218 1446 4237 ⁸

388 4292 472 4340 Tereia
486 4296 600 4340 obieceio.
707 4307 738 4340 ra.
754 4297 785 4340 irs
804 4295 858 4341 Non
872 4309 928 4353 ergo
940 4320 962 4329 -
973 4296 1102 4341 tollendum
1117 4307 1171 4341 euar
1182 4295 1250 4341 deest
1263 4295 1286 4339 in
1299 4304 1376 4347 resta:

388 4373 448 4409 estat
462 4364 485 4409 ln
500 4376 573 4422 marg.
587 4365 629 4409 ini.
714 4366 746 4411 23.
762 4366 816 4411 Ain
831 4377 918 4422 marga
933 4364 1075 4423 Responsio.
1160 4377 1197 4427 ap.
1213 4367 1233 4409 Α
1248 4364 1272 4410 ln
1287 4376 1375 4422 maras

390 4432 526 4479 Conclusio.
