3262 5226
489 331 660 387 tonsurus
679 330 830 384 wvcttr.
993 310 1074 400 [err.
1089 326 1163 374 xxu.

172 494 225 557 ubi
242 488 363 581 supra).
388 492 429 557 Et
450 504 540 578 patet
562 491 652 575 quod
669 488 831 554 Traianus
847 488 985 553 decessit
1007 489 1038 552 in
1054 490 1161 573 gracia
1172 511 1234 558 ²01⁸
1249 505 1275 558 1.

172 596 470 682 predestinationis,
504 615 562 659 nec
595 594 705 658 audivi
737 614 872 659 suasum
900 595 988 679 quod
1018 615 1083 657 non
1107 595 1159 657 de·

171 701 266 765 cessit
288 702 320 765 in
343 701 449 783 gracia
466 700 645 765 secundum
664 713 848 784 presentem
873 698 1044 763 iusticiam.
1070 699 1163 764 Multi

129 835 162 920 ‘n
173 806 259 868 enim
303 817 389 868 extra
426 804 621 868 iudaismum
665 817 754 866 erant
798 803 946 866 catholici
985 800 1038 888 (ut
1074 819 1164 888 patet

129 885 212 974 ’aede
234 910 308 992 lob,
342 911 381 974 de
405 909 688 992 Nabugodonosor
715 921 748 973 et
776 908 822 971 eis
846 905 1033 994 similibus),
1065 924 1097 973 et
1119 911 1189 977 sics

174 1029 222 1081 est
244 1016 284 1079 de
308 1015 418 1081 multis
440 1033 523 1098 quos
540 1028 673 1097 propter
689 1013 949 1098 solempnitatem
968 1014 1047 1078 ritus
1064 1015 1164 1077 nostri

174 1120 374 1184 decernimus
398 1138 466 1183 esse
490 1117 578 1181 ioris.
612 1118 696 1180 Nam
719 1117 818 1180 corde
842 1117 986 1182 creditur
1007 1119 1048 1180 ad
1071 1118 1162 1183 iusti·

174 1225 270 1307 ciam,
301 1237 335 1288 et
361 1224 394 1287 in
424 1223 481 1288 tali
508 1221 633 1287 iusticia
662 1222 822 1286 decedens
854 1237 908 1287 est
935 1242 1008 1286 vere
1034 1224 1166 1287 ecclesie

175 1328 260 1393 filius
283 1340 316 1392 et
338 1326 468 1392 flamine
490 1327 684 1412 baptizatus.

217 1434 285 1498 Nec
312 1433 377 1496 vidi
405 1452 537 1497 suasum
560 1432 649 1517 quod
678 1434 792 1497 beatus
818 1431 994 1516 Gregorius
1023 1434 1207 1518 peccavitlt

176 1541 207 1603 iu
235 1550 395 1624 quantum
423 1537 484 1601 hoc
507 1537 615 1622 peciit,
649 1556 723 1601 cum
756 1535 879 1601 factum
904 1538 963 1601 Dei
992 1538 1026 1602 in
1053 1547 1165 1602 conc'e·

175 1643 282 1708 dendo
303 1641 444 1723 ostendit
459 1642 521 1705 hoc
537 1641 635 1705 fuisse
651 1641 772 1705 iustum
790 1654 823 1705 et
832 1643 902 1706 Deo
919 1643 1166 1728 beneplacitum.

176 1748 252 1812 ldeo
274 1750 301 1811 si
325 1762 453 1811 sanctus
475 1767 559 1833 papa
580 1746 725 1831 peccavit
749 1745 781 1809 in
804 1747 850 1809 sic
866 1747 1000 1829 orando,
1024 1748 1085 1811 hoc
1107 1748 1168 1813 luit

176 1852 250 1938 quia
274 1851 390 1916 defecit
416 1851 449 1915 in
478 1851 588 1934 modo,
624 1866 659 1916 ut
694 1864 784 1935 puta,
810 1850 982 1915 affectione
1014 1851 1167 1934 singulari

177 1976 273 2020 suum
305 1956 448 2021 studium
480 1955 681 2040 occupando,
715 1938 869 2038 suffrag-ia*
900 1957 1032 2020 ecclesie
1066 1959 1209 2041 magieis

178 2062 267 2127 utilia
306 2061 511 2153 dimittendo,
553 2060 604 2125 vel
642 2061 674 2123 in
712 2059 774 2122 alia
814 2061 869 2123 tali
908 2059 1167 2146 circumstancia,

178 2166 419 2252 propterquod
442 2166 482 2229 ad
506 2164 555 2229 sui
579 2165 731 2228 meritum
755 2166 979 2250 temporaliter
1002 2182 1049 2231 est
1073 2170 1167 2252 puni·

128 2286 240 2357 gntus.
264 2270 360 2336 Unde
382 2290 457 2354 sepe
482 2269 617 2353 contigit
640 2267 807 2333 hominem
832 2271 946 2334 mereri
971 2271 1004 2335 in
1027 2273 1167 2336 volendo

129 2360 210 2502 {iet
240 2374 364 2439 orando
395 2394 456 2459 pro
490 2375 544 2438 illo
577 2375 666 2460 quod
694 2375 781 2438 Deus
814 2395 879 2439 non
913 2376 982 2441 vult
1018 2373 1098 2460 fieri,
1132 2391 1168 2442 ut

129 2463 267 2566 '¹‘patet
290 2481 330 2546 de
353 2479 485 2544 stimulo
509 2480 612 2544 camis
636 2499 696 2564 pro
720 2478 813 2542 cuius
841 2480 975 2544 decessu
1000 2485 1168 2567 apostolus
1180 2509 1213 2545 ιο

179 2585 303 2670 rogavit
319 2599 367 2650 ter
382 2584 551 2648 dommum
563 2581 616 2668 (ut
636 2597 726 2669 patet
749 2584 793 2648 11·
808 2583 884 2649 Cor.
909 2583 1011 2672 xlv),
1035 2602 1065 2651 et
1094 2608 1169 2672 sepe

178 2689 336 2773 contingit
363 2688 528 2752 hominem
566 2689 724 2773 laborare,
755 2709 850 2753 orare
889 2704 921 2754 et
955 2688 1058 2754 iacere
1090 2691 1169 2755 illud

178 2794 267 2880 quod
300 2793 386 2859 Deus
417 2796 487 2859 vult
519 2792 600 2877 fieri,
638 2809 670 2860 et
709 2808 820 2859 tamen
857 2815 993 2880 peccare
1031 2797 1172 2879 graviter

181 2912 313 2985 propter
334 2898 496 2965 delectum
521 2900 609 2963 modi
633 2901 762 2983 agendi,
779 2901 864 2966 sicut
887 2901 1036 2965 meminit
1059 2907 1169 2984 Augu·

180 3007 294 3086 sunus,
309 3004 413 3068 xxll⁰
431 3005 477 3066 De
491 3003 629 3068 Ciuitate
647 3006 715 3087 Dei,
732 3007 828 3088 capit.
848 3006 906 3069 110:
925 3006 1042 3084 Multa,
1054 3006 1169 3088 inquit,
1182 3017 1213 3068 25

181 3111 293 3173 volunt
303 3111 386 3194 fieri
405 3111 510 3173 sancti
531 3110 599 3173 eius
621 3111 661 3172 ab
679 3111 735 3173 illo
752 3112 911 3195 inspirata
928 3121 1041 3173 sancta
1058 3108 1170 3173 voluu-

182 3225 257 3294 tate,
280 3217 457 3300 necfiunt;
472 3217 666 3279 siculorum
681 3216 956 3300 proquibusdam
974 3216 1030 3299 pie
1045 3225 1170 3279 sancte·

182 3340 254 3404 que,
283 3331 313 3384 et
335 3319 422 3404 quod
447 3330 544 3383 orant
572 3339 633 3382 non
652 3320 751 3404 facit,
776 3340 851 3383 cum
877 3321 944 3404 ipse
968 3322 1000 3383 in
1022 3321 1068 3384 eis
1087 3322 1172 3383 leone

182 3424 301 3488 orandi
323 3427 515 3488 voluntatem
539 3433 650 3487 sancto
673 3425 789 3507 spiritu
819 3443 879 3487 suo
891 3424 1024 3508 fecerit.
1060 3426 1101 3487 Et
1125 3426 1170 3488 vi·

183 3529 276 3592 detur
299 3529 519 3613 equivocando
542 3530 581 3591 de
597 3529 688 3610 velle,
715 3530 818 3591 Deum
838 3530 915 3590 velle
940 3530 972 3591 in
996 3530 1065 3592 aliis
1082 3530 1170 3614 quod
1181 3541 1215 3592 30

184 3653 247 3697 non
264 3634 332 3697 vult
356 3634 385 3695 in
411 3654 443 3695 se
460 3634 540 3717 ipso,
565 3635 673 3697 Movet
689 3653 765 3715 ergo
784 3635 872 3697 Deus
889 3634 984 3696 corda
1002 3634 1170 3697 hominum
1237 3716 1240 3724 Ι

167 3740 223 3800 ad
257 3757 341 3801 nunc
366 3738 509 3801 modeste
532 3737 691 3800 orandum
726 3759 783 3822 pro
817 3739 872 3802 illo
895 3737 983 3822 quod
1012 3737 1081 3822 ipse
1106 3740 1173 3802 vult

185 3841 264 3923 fieri,
300 3858 330 3906 et
365 3862 450 3905 nunc
483 3863 541 3927 pro
574 3842 628 3905 illo
659 3843 747 3926 quod
780 3842 849 3925 ipse
884 3863 948 3904 non
982 3844 1053 3905 vult
1087 3841 1172 3924 fieri;

225 4094 255 4130 rr.
268 4082 302 4129 us
315 4082 336 4128 11
350 4083 422 4129 deest.
489 4082 524 4128 28.
539 4082 566 4127 Ba
581 4083 735 4128 uouiecluut.
799 4080 833 4127 25.
848 4082 903 4128 diu
914 4092 1001 4139 marg-c
1017 4080 1173 4138 Augustinus.

229 4259 269 4314 25.
288 4261 355 4329 Aug.
374 4260 445 4331 Opp.
463 4272 527 4314 tom.
546 4261 602 4327 vll,
620 4275 681 4329 pag.
699 4256 762 4314 ⁶⁵6.
