3262 5226
409 593 559 687 cat-val'
785 615 1028 673 nasocnasra

296 788 401 857 Xttss‘
409 772 561 837 dominus
583 772 742 857 omnium,
763 774 807 839 sic
828 774 1059 860 predestinatus
1085 774 1119 839 in
1150 774 1278 839 mortali
1309 788 1394 839 caret

410 876 565 959 dominio,
587 879 666 943 dum
688 894 794 945 tamen
816 880 880 945 alio
909 894 1054 964 tempore
1080 879 1175 944 babet
1201 878 1394 961 dominium,

395 993 484 1047 'cum
508 982 594 1046 Deus
616 983 793 1050 eternaliter
815 984 882 1050 vult
904 986 996 1071 quod
1017 983 1097 1049 illud
1119 983 1233 1049 habeat
1259 1003 1319 1069 pro
1333 1003 1394 1048 suo

410 1101 566 1171 tempore.
1603 1164 1605 1177 Ι

372 1206 402 1264 Υ
455 1191 497 1255 Et
524 1191 550 1254 si
570 1206 729 1277 queratur,
751 1214 850 1280 quare
875 1209 1032 1279 repugnat
1063 1192 1246 1259 dominium
1267 1193 1301 1257 in
1323 1214 1395 1278 pre·
1412 1221 1436 1267 Α
1450 1220 1605 1278 ,mam

411 1295 569 1361 destinato
601 1312 752 1382 peccante
774 1298 959 1382 mortaliter,
981 1298 1097 1364 dicitur
1127 1300 1218 1384 quod
1248 1296 1317 1383 ipse
1348 1312 1399 1364 est
1421 1273 1605 1382 illnlilf'dl

411 1414 488 1465 tunc
510 1422 620 1485 expers
643 1402 763 1468 iusticie
779 1417 810 1469 et
831 1403 1051 1490 cuiuscunque
1066 1402 1189 1469 virtutis
1211 1402 1350 1483 moralia,
1366 1417 1398 1468 et
1406 1374 1605 1478 tetraptotam

410 1527 468 1590 per
485 1526 693 1592 consequens,
715 1529 825 1593 expers
847 1508 982 1573 dominii
1002 1509 1092 1594 quod
1114 1522 1244 1594 oportet
1273 1506 1399 1571 fundari
1484 1483 1555 1587 'sm'

411 1610 444 1674 in
467 1609 591 1676 iusticia
617 1613 741 1678 morali.
768 1615 874 1679 Habet
900 1628 1006 1679 tamen
1034 1612 1192 1678 iusticiam
1218 1612 1398 1678 naturalem

372 1714 452 1783 roed
475 1717 618 1781 membra
640 1732 671 1783 et
693 1739 790 1782 omne
811 1719 901 1804 quod
924 1718 1028 1804 placet
1042 1718 1111 1782 Deo
1128 1731 1164 1783 ut
1178 1717 1302 1798 habeat,
1316 1716 1398 1782 sicut

412 1834 442 1885 et
469 1819 565 1885 habet
590 1822 753 1907 prescitos,
786 1837 817 1888 et
847 1843 943 1907 supra
965 1823 1027 1887 hoc
1054 1823 1149 1888 habet
1170 1821 1327 1887 iusticiam
1362 1821 1398 1884 in

411 1925 682 2009 predestinacione
705 1927 870 1992 fundatam
897 1928 1064 2013 quemad
1090 1941 1220 2012 tempus
1251 1926 1399 1991 obscurat

327 2047 331 2056 ·
412 2029 549 2114 piaculo.
573 2032 666 2096 Unde
687 2053 754 2096 non
781 2032 884 2097 audeo
911 2030 1013 2095 dicere
1027 2032 1117 2116 quod
1131 2030 1238 2096 omnis
1264 2051 1398 2116 peccans

413 2135 586 2201 mortaliter
607 2158 674 2201 non
698 2136 738 2201 sit
747 2152 822 2203 tunc
832 2138 1014 2202 membrum
1029 2136 1170 2220 ecclesie,
1179 2135 1260 2202 sicut
1274 2136 1400 2201 videtur

373 2254 402 2306 ι5
412 2241 575 2304 decretum
590 2241 692 2306 dicere
708 2244 755 2307 De
770 2241 1032 2326 Consecracione,
1051 2243 1083 2305 d.
1101 2242 1124 2324 l,
1146 2242 1307 2325 Ecclesia,
1322 2240 1399 2327 quie

413 2358 490 2409 tunc
524 2360 605 2411 esset
637 2359 722 2410 tanta
753 2347 803 2411 vel
832 2347 937 2411 maior
969 2346 1159 2432 ambiguitas
1189 2348 1229 2410 de
1260 2344 1398 2430 prelatis,

413 2464 522 2514 utrum
544 2451 606 2516 sint
628 2452 771 2516 membra
792 2452 933 2534 ecclesie,
948 2452 1030 2517 sicut
1052 2465 1100 2517 est
1114 2452 1153 2515 de
1169 2449 1224 2534 eia,
1246 2451 1400 2535 ponendo
1476 2517 1478 2520 Α

413 2555 519 2617 solum
543 2555 771 2639 predestinatos
793 2577 861 2621 esse
876 2558 1019 2621 membm
1034 2555 1175 2640 ecclesie,
1197 2557 1274 2641 quia
1295 2556 1399 2642 suspi-

415 2659 543 2724 cionem
564 2662 762 2745 probabilem
783 2663 940 2727 habemus
965 2664 1004 2727 de
1027 2662 1165 2745 mortali,
1187 2663 1318 2747 qualem
1332 2682 1400 2726 non

370 2791 402 2827 20
413 2764 567 2829 habemus
589 2768 677 2853 quod
700 2767 851 2854 prepositi
874 2782 950 2832 sunt
971 2767 1107 2852 presciti,
1133 2781 1164 2832 et
1185 2766 1301 2851 periret
1322 2768 1401 2831 obe·

412 2871 535 2936 diencia
551 2873 685 2957 prelatis,
701 2893 776 2938 cum
792 2895 858 2938 non
868 2872 912 2937 sic
922 2870 1241 2936 debemushonorare
1256 2871 1403 2936 membra

413 2976 531 3042 diaboli
554 2999 611 3042 nec
633 2978 707 3042 dare
730 2979 775 3044 eis
807 2977 1027 3061 elemosinam,
1055 2998 1131 3042 cum
1161 2975 1279 3041 scimus
1310 2976 1401 3061 quod

413 3083 520 3168 egenis
542 3084 692 3149 membris
715 3083 832 3149 Christi
856 3097 903 3148 est
930 3081 1052 3165 debita3
1075 3080 1128 3168 sic
1160 3081 1248 3146 enim
1278 3093 1404 3146 vacaret

413 3188 605 3255 beneficium
626 3189 791 3254 intrusoris
823 3188 940 3253 cotidie
962 3201 1029 3252 tam
1062 3188 1102 3250 de
1135 3185 1201 3250 iure
1232 3206 1332 3271 quam
1360 3185 1403 3250 de

371 3293 508 3378 allecto,
531 3310 562 3359 et
584 3294 628 3360 sic
650 3309 761 3359 contra
788 3292 971 3358 testimonia
996 3305 1180 3356 sanctorum
1206 3288 1303 3355 nimis
1328 3310 1402 3375 per·

414 3399 593 3464 turbaretur
623 3399 763 3464 ecclesia.
793 3398 866 3463 Alia
897 3411 1006 3460 autem
1036 3409 1113 3460 sunt
1143 3394 1239 3461 dubia
1271 3414 1402 3461 concer-

415 3503 527 3566 nencia
550 3505 799 3590 ecclesiamque
827 3514 936 3587 patent
963 3499 1047 3581 alibi,
1076 3513 1113 3565 ut
1135 3500 1408 3586 quod,Cbn'stus

415 3607 551 3671 existens
574 3608 758 3675 humanitus
780 3606 853 3690 lons
876 3605 969 3669 vivus
984 3606 1099 3690 plenus
1113 3605 1216 3690 gracie
1231 3620 1280 3672 est
1298 3627 1402 3693 quan·

415 3710 563 3775 tumlibet
594 3713 708 3778 melior
753 3712 914 3777 moraliter
954 3731 1052 3796 quam
1095 3722 1201 3775 totum
1238 3710 1404 3777 residuum

371 3819 405 3871 30
416 3836 532 3900 corpus
555 3817 694 3900 ecclesie,
710 3838 786 3883 cum
799 3816 904 3902 gracia
924 3813 1053 3879 unionis
1068 3814 1108 3879 sit
1123 3815 1252 3881 alterius
1268 3814 1406 3880 racionis

415 3940 514 4004 quam
536 3920 638 4005 gracia
659 3922 795 4006 posteris
817 3920 966 3986 derivata.
1373 3941 1376 3944 ’

453 4157 474 4205 5.
494 4160 518 4206 tt
531 4159 555 4205 la
568 4172 652 4219 marg:
673 4159 743 4208 Nota.
866 4157 896 4208 ι5.
910 4163 934 4207 Α
950 4160 975 4205 ln
997 4171 1085 4218 merge
1108 4158 1192 4208 Utrum
1207 4158 1286 4206 ornnle
1299 4169 1404 4219 peccam

416 4227 544 4276 mortaliter
559 4241 606 4274 noa
619 4229 718 4278 slttunc
745 4233 877 4277 membrum
904 4227 1045 4275 ecclesiess
1064 4228 1089 4275 la
1118 4241 1205 4285 marga
1223 4221 1358 4288 Episcopus
1378 4228 1406 4277 la

415 4299 508 4345 mortali
522 4312 570 4346 non
584 4308 619 4346 est
632 4309 734 4357 protunc
748 4303 882 4348 membran
897 4298 1007 4345 ecclesie.
1073 4298 1107 4345 ιδ.
1121 4301 1185 4356 ron
1199 4298 1271 4345 babet
1284 4310 1406 4346 murana

415 4369 641 4430 euepl...bllem.
719 4368 974 4418 labecamdeeat.
1403 4394 1408 4401 ·

464 4546 936 4620 13.nea111.p.dtect,evt1t
969 4554 972 4561 “
1069 4570 1120 4580 ··
