3262 5226
384 450 514 545 ctam]
767 470 814 523 nr
832 468 1011 524 accursu.

161 604 167 617 ι
268 645 294 701 E
310 645 369 700 158·
378 631 558 715 scriptum.
573 626 626 692 Sic
634 627 723 692 enim
732 627 911 712 loquuntur
921 638 1089 691 tractantes
1098 625 1261 689 materiam
1271 624 1369 689 dein·

378 733 552 820 dulgenciis
568 730 657 817 quod
668 730 756 795 Deus
772 729 903 795 remittit
919 730 1049 813 culpam
1063 741 1094 793 et
1108 728 1228 814 expetit
1242 748 1369 815 penam.

377 839 452 902 ldeo
475 836 664 922 impetratur
686 834 853 898 absolucio
876 848 942 898 tam
966 854 984 896 a
1003 854 1087 919 pena
1101 852 1201 919 quam
1223 833 1324 919 culpe.

421 943 468 1006 Ex
491 941 558 1006 istis
580 953 669 1025 patet
684 940 774 1025 quod
797 952 858 1004 stat
872 938 1039 1004 hominem
1056 938 1215 1003 meritorie
1231 953 1262 1004 et
1275 938 1370 1023 plene
1379 944 1604 1045 mm,

171 1104 182 1147 ἶ
352 1047 534 1114 §remittere
562 1044 645 1109 fratri
670 1043 815 1108 debiturn
844 1057 875 1108 et
903 1056 1010 1106 tamen
1039 1063 1113 1106 eum
1140 1041 1293 1128 impetere
1314 1062 1369 1105 ex·
1410 1051 1579 1150 qaam

170 1150 181 1227 ἶ
377 1149 615 1215 communicare
638 1161 670 1212 et
690 1148 950 1233 quandocunque
973 1147 1131 1211 meritorie
1153 1147 1295 1212 occidere
1304 1166 1369 1231 pro
1402 1115 1463 1159 Μ’
1571 1137 1580 1160 ’

170 1232 183 1359 ,³
377 1255 502 1319 eodem.
540 1255 625 1317 Nam
648 1252 741 1336 capio
764 1253 896 1315 Petrum
919 1251 975 1336 qui
997 1251 1081 1315 licite
1107 1252 1221 1337 repetit
1243 1251 1275 1315 in
1297 1249 1370 1314 foro

166 1368 181 1483 p
377 1357 584 1424 contencioso
622 1356 768 1420 debitum
803 1377 821 1419 a
857 1376 918 1420 suo
953 1355 1107 1438 debitore,
1145 1355 1281 1421 Paulum
1311 1354 1371 1419 n’te

377 1461 710 1526 excommunicantem
723 1480 821 1525 suum
835 1460 1024 1545 debitorem,
1040 1474 1071 1526 et
1083 1460 1202 1525 Linum
1213 1459 1371 1525 meritorie

165 1490 178 1617 i
335 1581 624 1652 superaequentem
646 1586 744 1631 suum
773 1566 950 1630 debitorem
973 1586 1076 1651 usque
1097 1567 1136 1630 ad
1160 1580 1306 1646 mortem,
1333 1577 1372 1628 ut

165 1618 177 1761 i
380 1685 468 1757 puta,
484 1670 771 1755 decapitationem,
795 1670 1039 1755 suspensionem
1055 1667 1104 1733 rel
1118 1669 1214 1733 aliam
1236 1682 1372 1734 mortem

164 1762 176 1907 Ξ
377 1776 594 1859 corporalem:
616 1788 707 1860 patet
722 1774 915 1859 possibilitas
931 1795 1022 1838 casus
1044 1795 1082 1838 ex
1100 1773 1163 1839 lroc
1179 1775 1268 1860 quod
1281 1773 1372 1837 aliter

166 1910 175 1957 q
377 1881 460 1964 leges
491 1879 620 1944 ecclesie
653 1880 693 1943 de
721 1879 942 1962 contencione,
975 1878 1308 1944 excommunicacione
1339 1892 1372 1943 et

164 1956 173 2073 ἶ
376 1984 535 2049 occisione
558 1983 733 2048 hominum
757 1983 862 2049 iurent
883 1983 1029 2066 heretice,
1057 1985 1131 2071 quia
1153 1983 1215 2068 legi
1238 1981 1372 2049 caritatis

164 2076 172 2095 '
337 2089 544 2154 iscontrarie.
569 2089 637 2154 Stat
660 2109 737 2173 ergo
760 2088 929 2154 hominem
949 2088 1108 2154 meritorie
1131 2088 1244 2175 exequi
1266 2087 1372 2170 legem

378 2195 474 2257 talem
501 2207 533 2258 et
560 2215 636 2258 cum
664 2195 704 2257 de
728 2194 913 2259 necessitate
940 2193 1051 2258 salutis
1078 2207 1202 2258 tenetur
1223 2192 1370 2257 iniuriam

378 2313 408 2362 et
423 2297 568 2362 debitum
584 2299 749 2383 spirituale
764 2297 933 2382 remittere,
948 2312 1037 2383 patet
1052 2298 1227 2364 conclusio.
1248 2297 1371 2362 Ymmo

377 2423 452 2466 cuna
467 2402 542 2466 licet
557 2404 836 2468 excommunicare
851 2403 1034 2486 accessorie,
1050 2418 1081 2469 et
1094 2424 1152 2490 per
1167 2402 1309 2467 accidens
1325 2402 1371 2466 sic

377 2508 524 2593 persequi
547 2508 718 2573 hominem
739 2530 801 2594 pro
824 2509 932 2573 debito
948 2509 1114 2594 corporali,
1136 2508 1262 2574 videtur
1281 2507 1372 2593 quod

333 2625 438 2676 aostat
461 2612 540 2676 illud
563 2613 724 2678 remittere
747 2627 779 2678 et
800 2628 908 2679 tamen
931 2615 972 2679 ad
995 2614 1131 2679 salutem
1153 2613 1259 2678 anime
1280 2611 1369 2676 debi-

382 2716 458 2779 toris
496 2738 534 2781 ex
572 2717 701 2782 caritate
742 2718 878 2783 fraterna
917 2718 1061 2805 quolibet
1100 2718 1237 2783 istorum
1273 2718 1369 2783 trium

376 2823 550 2886 modorum
566 2843 643 2887 eum
659 2825 808 2909 persequi
825 2838 856 2888 et
871 2838 1030 2911 torquere.
1053 2826 1158 2890 Nemo
1173 2823 1260 2888 enim
1274 2822 1369 2888 meri·
1414 2874 1416 2879 .

377 2925 456 2989 torie
490 2927 535 2991 sic
568 2928 775 3014 persequitur
808 2928 1026 3015 principaliter
1060 2944 1192 3015 propter
1225 2928 1370 2994 debitum

375 3033 550 3116 corporale,
579 3035 634 3097 sed
658 3048 792 3118 propter
813 3035 977 3120 spirituale
1004 3035 1147 3099 debitum
1169 3049 1202 3099 et
1223 3034 1370 3098 iniuriam

332 3135 491 3201 asiactam
507 3137 587 3220 Deo,
610 3139 870 3224 remittendoque
897 3161 973 3205 eum
995 3139 1103 3203 divino
1125 3138 1245 3204 iudicio
1265 3137 1371 3223 diligit

375 3240 480 3324 ipsum
504 3242 536 3304 in
561 3243 707 3307 domino.
732 3241 819 3308 Cum
842 3265 910 3329 quo
925 3257 987 3309 stat
1001 3245 1091 3329 quod
1114 3265 1160 3308 ex⁴
1174 3243 1370 3308 revelacione

373 3346 424 3408 vel
446 3347 516 3430 lege
539 3346 646 3411 divina
669 3362 839 3412 moveatur
860 3349 944 3412 licite
966 3349 1007 3412 ad
1028 3348 1130 3413 taliter
1152 3334 1369 3429 cruciandum,

374 3449 438 3512 sive
448 3471 485 3514 ex
495 3451 763 3517 soladetencione
773 3454 871 3518 debiti
881 3453 1161 3518 committaturDei
1172 3452 1292 3534 iniuria,
1303 3451 1369 3515 sive

374 3553 434 3617 alia
448 3558 674 3639 superveniens
690 3558 731 3621 sit
746 3559 936 3641 commixta;
952 3557 1121 3643 utrobique
1137 3557 1225 3622 enim
1239 3577 1367 3622 excom·
1456 3637 1458 3641 Ι

333 3662 365 3712 30
375 3659 555 3725 municatur
564 3662 615 3725 vel
624 3662 782 3727 occiditur
797 3662 930 3727 conluse
945 3683 1004 3746 pro
1020 3661 1181 3745 omnibus,
1192 3660 1271 3726 sicut
1279 3661 1367 3724 Deus

375 3764 528 3848 dampnat
550 3767 725 3850 prestitum
741 3788 802 3853 pro
816 3767 955 3853 peccatis
970 3766 1102 3851 singulis
1117 3786 1182 3852 que
1197 3764 1366 3832 commisit.

412 3998 433 4045 3.
447 4004 478 4058 A,
493 4003 572 4049 addit:
591 4007 698 4065 sculpe.
712 4007 773 4054 Ala
788 4020 877 4065 marga
892 4007 1031 4056 Conclaelo.
1052 4005 1112 4052 Nota
1130 4005 1253 4066 quomodo
1268 4005 1323 4053 mall
1336 4015 1367 4050 ex

373 4070 466 4116 caritate
485 4081 541 4119 sunt
555 4078 724 4134 persequendi.
830 4079 854 4125 ⁶.
872 4082 895 4125 A
909 4082 954 4135 A,=
976 4077 1202 4137 quomodocunque.
1307 4086 1329 4133 7.
1343 4074 1367 4120 A

375 4141 399 4185 ln
414 4154 504 4199 marg-e
518 4143 605 4192 &sun
713 4159 747 4208 ιγ.
761 4151 784 4194 A
798 4150 822 4195 la
836 4161 927 4208 marg-s
941 4146 1079 4194 Coueluelo.

418 4319 442 4370 7.
461 4304 500 4355 De
521 4306 609 4372 Petro,
637 4307 722 4359 Paulo
742 4318 769 4358 et
791 4308 861 4360 Lino
887 4309 921 4362 ci.
942 4306 1051 4376 Wyclii,
1080 4308 1117 4358 De
1148 4304 1219 4358 civlll
1246 4302 1366 4356 dominio

374 4405 435 4458 ru·
453 4390 495 4462 ³9

345 4535 347 4539 Α
1233 4479 1278 4546 ι4·
1322 4487 1323 4490 ’
