3262 5226
706 413 877 466 tonsurus
895 412 1042 464 wreus.
1238 391 1363 485 [erar.

381 573 459 637 illud
493 586 620 656 sonant,
643 587 711 637 tum
735 570 835 635 eciam
867 569 944 654 quia
965 569 1055 634 aliter
1076 571 1157 636 foret
1180 571 1272 635 nimis
1295 593 1361 637 sus·
1376 590 1473 662 ,εφη

381 691 523 761 pectum,
555 679 701 762 negando
730 676 829 764 laycis
863 676 1136 761 complementum
1175 678 1294 742 iusticie
1333 692 1364 743 et

382 780 528 847 faciendo
559 783 643 847 clero
673 781 843 847 iusticiam.
876 781 938 846 Sed
969 794 1046 845 tunc
1078 782 1230 869 sequitur,
1261 783 1363 867 primo

380 888 470 971 quod
507 907 561 950 rex
600 886 657 972 qui
693 886 801 971 potuit
842 886 1016 950 concedere
1057 899 1093 950 ut
1138 887 1363 951 sceleratissimi

381 990 528 1055 homines
559 990 591 1054 in
622 1005 814 1075 perpetuum
847 990 963 1054 iniuste
985 989 1145 1056 detineant
1166 991 1311 1076 reliquias
1334 1006 1388 1062 ets

382 1114 572 1181 quecunque
605 1095 690 1159 bona
720 1094 874 1158 immunis
905 1092 1033 1158 ecclesie
1059 1112 1166 1179 posset
1197 1097 1365 1162 concedere

382 1213 418 1264 ut
447 1198 521 1263 iusti
553 1198 696 1263 auferant
727 1197 918 1283 temporalia
940 1199 979 1261 ab
1003 1199 1133 1264 ecclesia
1155 1200 1364 1287 delinquente.

381 1307 465 1371 Nam
490 1325 547 1389 per
568 1325 601 1368 se
623 1318 739 1369 notum
752 1317 801 1368 est
821 1304 912 1388 quod
927 1302 979 1367 ille
999 1303 1054 1389 qui
1071 1318 1178 1390 potest
1196 1307 1365 1371 concedere

381 1409 483 1494 magis
514 1409 701 1491 elongatum
721 1429 740 1471 a
763 1407 932 1472 communi
962 1407 1029 1471 iure
1059 1423 1165 1493 potest
1195 1412 1364 1486 concedere

382 1512 615 1578 consonancius
641 1512 700 1578 iuri
732 1511 801 1576 Dei.
834 1513 876 1576 Et
908 1510 1022 1575 iterum
1054 1527 1167 1578 notum
1186 1530 1247 1596 ‚est
1276 1517 1363 1600 quod
1376 1546 1407 1583 ιο

382 1619 485 1683 maius
501 1632 666 1701 peccatum
684 1616 766 1682 foret
787 1615 914 1698 iniuste,
934 1616 1134 1701 pertinaciter
1155 1631 1187 1682 et
1208 1603 1363 1686 obstinate

380 1723 520 1788 detinere
552 1742 620 1786 rem
650 1721 798 1804 alienam,
830 1740 929 1806 quam
969 1720 1049 1786 foret
1083 1720 1201 1787 iniusta
1233 1725 1363 1808 ablacio,

380 1827 455 1914 quia
476 1848 536 1913 pro
551 1826 657 1912 primo
673 1841 720 1891 est
742 1826 845 1890 homo
861 1826 1185 1892 excommunicandus
1200 1839 1365 1915 tamquam

379 1933 548 2015 hereticus,
573 1946 605 1999 et
625 1953 685 2017 pro
701 1932 844 1995 secundo
862 1950 939 2013 non,
962 1930 1022 1994 nisi
1045 1930 1169 1998 affuerit
1194 1949 1364 2000 contumax

381 2038 566 2117 obstinacia,
596 2050 632 2102 ut
663 2049 818 2100 noverant
840 2035 961 2120 legiste.
984 2036 1060 2099 ldeo
1083 2057 1148 2101 non
1172 2039 1315 2123 dubium,
1338 2039 1362 2104 si
1376 2054 1406 2108 15

380 2164 433 2208 rex
464 2157 571 2227 potest
608 2140 780 2205 concedere
811 2139 1013 2225 privilegium
1047 2155 1084 2205 ut
1114 2143 1246 2228 quilibet
1279 2145 1364 2228 regni

381 2245 429 2310 sui
452 2247 567 2311 habeat
588 2245 764 2309 libertatem
788 2246 828 2307 ad
851 2258 1007 2333 perpetuo
1023 2245 1230 2310 detinendum
1251 2247 1364 2312 iniuste

381 2351 485 2415 ablata
516 2351 555 2414 de
587 2363 695 2413 sancta
726 2363 826 2413 matre
849 2348 990 2430 ecclesia,
1013 2350 1117 2413 multo
1140 2351 1240 2434 ma'gis
1261 2366 1365 2435 potest

382 2457 554 2520 concedere
576 2454 751 2537 licenciam,
775 2470 811 2520 ut
833 2453 908 2518 iusti
931 2453 1075 2519 auferant
1090 2455 1278 2520 elemosinas
1292 2478 1364 2522 suas

367 2561 498 2646 'quibus
521 2558 701 2624 fraudantes
724 2579 859 2644 regnum
881 2573 913 2623 et
935 2573 1076 2623 sanctam
1097 2561 1434 2646 matrem*eccle·159·

381 2665 462 2729 siam
485 2665 669 2729 abutuntur.
691 2664 785 2728 Unde
806 2662 1022 2729 inconsonum
1045 2664 1162 2730 factum
1184 2680 1232 2730 est
1254 2680 1285 2731 et
1305 2667 1363 2731 sibi

380 2769 440 2854 ipsi
456 2769 651 2834 contrarium
665 2782 732 2833 tam
748 2767 904 2832 ferventer
925 2767 1092 2833 defendere
1107 2769 1185 2834 illud
1201 2784 1364 2856 tamquam

381 2873 582 2958 privilegium
614 2872 807 2939 catholicum
838 2886 870 2937 et
901 2872 1022 2937 solicite
1052 2874 1203 2956 laborare,
1235 2875 1364 2960 quando

381 2979 522 3043 raciones
554 2977 715 3060 deficiunt,
746 2979 787 3041 ad
819 2970 1062 3060 dampnandum
1093 2978 1179 3042 aliud
1201 2993 1364 3065 tamquam

380 3083 565 3150 hereticum.
1375 3097 1406 3149 25

181 3193 227 3238 We
242 3193 354 3240 maturus
425 3188 495 3271 Ego
517 3199 626 3251 autem
641 3187 712 3250 dico
728 3185 963 3249 consonancius
985 3206 1044 3271 pro
1066 3186 1238 3272 privilegiis
1259 3200 1401 3254 sanctetl

185 3247 233 3291 that
247 3248 286 3290 tbe
299 3248 355 3302 lrlnp

165 3298 372 3408 pssississsselff‘fis
382 3292 490 3355 matris
506 3292 634 3356 ecclesie
649 3291 737 3375 quod
754 3311 808 3354 rex
823 3311 888 3354 non
905 3305 1010 3375 potest
1025 3290 1175 3376 cuiquam
1195 3295 1364 3358 concedere

197 3404 338 3511 progpffip'
382 3394 560 3460 libertatem
577 3396 615 3459 ad
632 3395 769 3459 violente
792 3393 1001 3458 auferendum
1017 3410 1049 3460 et
1062 3397 1166 3461 multo
1187 3398 1365 3463 evidencius

340 3486 346 3499 ⁵
383 3501 422 3563 ad
447 3499 562 3563 iniuste
583 3500 790 3564 detinendum
812 3500 945 3584 aliquod
966 3502 1090 3564 bonum
1111 3502 1151 3564 de
1173 3521 1365 3587 quocunque

382 3605 528 3669 membro
562 3605 699 3686 ecclesie,
732 3604 792 3666 nisi
815 3605 902 3688 prius
925 3605 1098 3690 peccaverit
1120 3606 1182 3670 hoc
1204 3608 1408 3671 merendoso

384 3710 449 3773 Nec
465 3709 572 3774 esthic
588 3710 766 3794 sophisma:
777 3710 843 3772 Rex
860 3710 1004 3775 concedit
1020 3710 1163 3776 malefico
1179 3712 1364 3793 libertatem,

383 3828 508 3878 utnon
537 3814 689 3899 puniatur
711 3828 742 3879 et
765 3827 802 3878 ut
824 3830 950 3879 maneat
973 3815 1005 3878 in
1028 3830 1219 3901 perpetuum
1240 3815 1364 3880 inaccu-

383 3935 470 3985 satus
493 3923 532 3986 de
555 3920 697 4002 crimine,
725 3921 781 3983 sed
804 3940 870 3982 non
894 3920 1039 3985 concedit
1062 3921 1119 3985 sibi
1141 3921 1305 3986 licenciam
1326 3921 1365 3983 ad

383 4027 583 4112 peccandum
604 4027 654 4091 vel
678 4025 830 4110 cuiquam
852 4024 1083 4110 iniuriandum;
1106 4046 1182 4089 nam
1205 4027 1367 4092 licenciare

422 4281 444 4329 3.
459 4284 481 4328 Α
494 4284 518 4328 ln
532 4294 619 4338 marna
634 4282 699 4328 Bous
712 4282 784 4329 tecle.
835 4303 837 4307 ⁴
873 4282 902 4329 15.
918 4284 949 4341 Α.
962 4282 1075 4332 eorrexlts
1090 4291 1212 4332 noverunt.
1296 4289 1366 4343 η.Α

384 4349 663 4410 transmeandum.
736 4409 740 4416 Ι
899 4371 925 4423 .'
1287 4378 1290 4385 ·
