3262 5226
703 499 872 552 ronanus
888 498 1036 552 wrcen.
1253 477 1368 570 [cun.

386 656 602 743 cuiuscunque
621 654 784 720 christiani
805 655 963 741 pontificis
978 655 1019 720 sit
1033 655 1120 720 aliud
1132 637 1233 742 'qum
1249 676 1367 721 nomen
1381 672 1440 726 ¹33¹
1466 673 1483 728 1

385 761 480 828 huius
514 761 634 847 cupitis,
667 761 810 847 sequitur
839 763 929 848 quod
959 761 992 826 in
1025 760 1116 826 nullo
1146 760 1200 825 tali
1235 762 1368 827 nomine

385 880 512 952 oportet
533 865 699 930 ecclesiam
720 865 841 930 salvari.
864 866 1023 952 Loquitur
1036 879 1144 930 autem
1160 865 1312 952 scriptura
1328 867 1368 932 de

384 970 515 1034 nomine
536 970 612 1035 reali
634 969 685 1034 cui
709 983 837 1055 oportet
857 971 1015 1035 credendo
1039 970 1148 1036 subici.

165 1089 266 1135 seran
280 1090 375 1136 rexne·
427 1075 576 1141 Secundo
598 1073 805 1139 confirmatur
825 1096 863 1139 ex
885 1089 972 1140 textu
994 1075 1132 1161 apostoli
1153 1075 1177 1141 1.
1200 1073 1276 1142 Cor.
1292 1061 1321 1140 1⁶
1336 1089 1396 1143 eta

164 1141 250 1239 iiiiii
259 1143 375 1292 ‘in‘f‘oi'ff
384 1179 442 1243 1110
463 1179 620 1265 capitulis,
642 1178 698 1244 ubi
720 1179 886 1263 apostolus
906 1178 1015 1244 recitat
1040 1179 1123 1245 inter
1135 1182 1275 1246 carnales
1290 1202 1366 1246 con·

173 1246 334 1345 ''ie“oeh‘e'ii
384 1304 492 1348 versos
514 1284 609 1349 fuisse
632 1283 855 1349 contenciones
887 1298 919 1351 et
944 1284 1101 1352 scismata
1142 1285 1232 1351 Unus
1263 1285 1367 1372 inquit

384 1388 476 1454 dicit:
498 1388 572 1475 Ego
587 1387 717 1474 quidem
735 1410 808 1453 sum
821 1390 927 1468 Pauli,
950 1410 1012 1476 ego
1028 1402 1135 1457 autem
1151 1388 1281 1476 Apollo,
1304 1410 1365 1478 ego

381 1505 487 1558 autem
514 1493 630 1577 Capite.
653 1494 695 1558 Et
715 1507 790 1579 post
811 1493 951 1559 ostendit
972 1496 1063 1580 quod
1091 1518 1158 1561 non
1194 1497 1289 1562 refert
1310 1516 1368 1582 per

381 1619 520 1685 quorum
552 1598 775 1683 apostolorum
804 1598 986 1664 ministrum
1023 1616 1255 1685 convertantur,
1288 1622 1364 1667 cum
1378 1628 1410 1667 ιο

382 1719 486 1768 tamen
519 1704 648 1768 medant
677 1702 712 1767 in
743 1702 989 1769 fundamentum
1020 1706 1148 1771 ecclesie
1179 1709 1267 1792 quod
1298 1727 1365 1771 non

379 1822 485 1892 potest
508 1807 586 1893 poni
608 1806 695 1871 aliud
716 1824 819 1893 preter
835 1808 868 1873 id
884 1809 973 1895 quod
988 1809 1133 1895 positum
1147 1825 1204 1896 est,
1219 1811 1366 1877 Christus

378 1914 477 1978 lesus.
512 1910 605 1978 Sicut
631 1928 741 1978 autem
772 1936 838 1979 non
869 1915 964 1981 refert
996 1936 1055 2001 per
1081 1936 1179 2002 quant
1203 1915 1365 1980 lucernam

378 2018 574 2083 illuminetur
594 2019 713 2084 domus
735 2021 775 2083 ad
796 2019 858 2085 hoc
880 2021 969 2107 quod
992 2020 1154 2106 operarius
1174 2019 1266 2086 iaciat
1280 2040 1365 2104 opus

378 2144 474 2188 suum
499 2144 557 2209 per
586 2124 675 2210 quod
706 2125 846 2211 acquirat
873 2125 1081 2211 stipendium,
1111 2125 1155 2190 sic
1181 2146 1247 2188 non
1271 2124 1405 2191 refertis

377 2249 433 2312 per
457 2249 556 2314 quem
578 2226 697 2293 Christi
719 2228 911 2312 ministrum,
937 2233 1135 2296 sacerdotem
1160 2230 1210 2294 vel
1236 2229 1364 2312 laicum,

377 2333 565 2399 christianus
586 2333 721 2418 accipiat
742 2334 852 2399 lumen
874 2334 958 2419 fidei,
990 2349 1028 2400 ut
1049 2350 1207 2400 mereatur
1227 2336 1363 2401 salutem

375 2454 572 2524 perpetuam
603 2438 670 2503 Nec
698 2439 811 2505 dubito
837 2439 915 2526 quin
947 2440 1057 2506 nullus
1085 2439 1201 2505 Christi
1228 2438 1363 2504 vicarius

375 2559 572 2627 presumeret
596 2563 733 2609 asserere
756 2545 843 2630 quod
869 2565 997 2610 necesse
1019 2559 1078 2628 est,
1100 2559 1137 2610 ut
1156 2545 1266 2610 lumen
1285 2543 1360 2610 fidei

375 2649 502 2714 cuilibet
525 2648 695 2714 christiano
717 2669 774 2733 per
794 2648 902 2734 ipsum
915 2649 1022 2716 veniat
1044 2665 1076 2716 et
1098 2650 1141 2717 sic
1163 2651 1263 2733 s‘alus;
1285 2649 1360 2736 quia
1373 2677 1405 2715 ιο

374 2753 435 2818 hoc
458 2769 542 2820 esset
563 2756 683 2818 nedum
697 2774 832 2819 asserere
847 2754 955 2840 ipsum
969 2754 1196 2822 confirmatum
1210 2755 1244 2819 in
1257 2754 1362 2840 gracia

375 2872 406 2922 et
416 2858 569 2941 doctrina,
581 2860 637 2924 sed
651 2857 811 2944 parificare
825 2858 934 2943 ipsum
950 2881 1025 2925 cum
1037 2859 1176 2943 Christo,
1192 2880 1268 2924 cunt
1278 2881 1360 2924 non·

376 2961 435 3027 nisi
456 2984 514 3049 per
535 2963 643 3047 ipsum
657 2964 744 3028 Deus
759 2978 869 3048 posset
884 2963 1121 3029 communicare
1136 2964 1287 3030 virtutem
1303 2984 1361 3030 sue

374 3067 515 3135 ecclesie.

155 3181 369 3281 ”²⁰⁸5'¹¹⁰1⁸¹¹¹¹⁸
422 3172 538 3237 Tercio
548 3172 798 3239 confirmaturex
813 3172 986 3259 prophecia
995 3174 1113 3240 Christi
1124 3173 1392 3240 Marmxxlv⁰e

156 3245 368 3382 efficiare&
381 3277 410 3357 5,
434 3297 533 3363 quam
555 3298 681 3342 necesse
705 3294 752 3344 est
773 3279 908 3364 impleri.
930 3281 1030 3345 Multi
1050 3279 1153 3366 inquit
1177 3281 1306 3346 venient
1328 3281 1361 3344 in

155 3349 214 3452 inq
228 3340 506 3447 llpdhhd‘nomtne
529 3402 610 3468 meo,
634 3383 792 3449 dicentes:
819 3382 894 3469 Ego
916 3403 988 3448 sum
1015 3384 1172 3468 Christus,
1194 3396 1226 3449 et
1247 3386 1363 3450 multos
1447 3391 1455 3402 ”

373 3487 542 3552 seducent.
580 3486 666 3553 Cum
697 3509 773 3572 ergo
802 3488 986 3575 quicunque
1013 3491 1052 3554 de
1080 3512 1113 3555 se
1139 3490 1184 3554 sic
1211 3489 1362 3575 opinatus

374 3590 468 3657 fuerit
489 3612 586 3677 supra
607 3608 735 3658 sanctos
757 3594 921 3677 apostolos
943 3594 1020 3659 dicit
1039 3594 1192 3679 implicite
1206 3596 1295 3680 quod
1313 3607 1362 3660 est

374 3694 532 3778 Christus,
553 3697 678 3762 videtur
700 3699 789 3782 quod
810 3699 850 3762 de
872 3719 1067 3784 quocunque
1090 3698 1143 3762 tali
1166 3696 1215 3784 (ut
1230 3698 1361 3785 exponit
1369 3710 1402 3763 30

372 3797 586 3884 Augustinus)
613 3800 790 3866 verificatur
821 3801 940 3866 Christi
974 3802 1147 3866 necessaria
1176 3802 1358 3889 prophecia,

372 3919 405 3969 et
440 3927 499 3990 per
530 3926 739 3992 consequens,
776 3905 1028 3992 supponendum
1062 3920 1109 3971 est
1144 3909 1359 3993 quodcunque

414 4090 436 4138 ⁵.
452 4092 470 4137 Β
484 4092 509 4138 la
524 4104 601 4149 ωιηι
614 4093 633 4139 1.
647 4091 705 4141 Cor.
718 4093 737 4140 l.
815 4105 849 4138 ιο.
860 4094 893 4138 16.
907 4092 966 4137 Alis
982 4088 1205 4150 ministeriorum
1219 4093 1359 4140 misterium.

373 4162 455 4220 tons
476 4170 529 4208 ater
547 4161 635 4208 lamen.
727 4159 1073 4218 25.utunsr12l{nn.24.
1163 4158 1194 4207 n.
1208 4161 1226 4206 Β
1240 4163 1358 4218 tamam

372 4230 529 4301 Augustinus.

416 4357 458 4410 31.
477 4357 528 4410 See
546 4360 614 4425 Aug.
633 4359 719 4411 Serm.
730 4357 842 4411 CCXCll
861 4358 888 4411 in
907 4357 987 4410 natali
1005 4355 1065 4409 loh.
1079 4356 1153 4424 Bapt.
1166 4355 1237 4425 Opp.
1248 4365 1314 4408 torn.
1327 4353 1359 4418 V,

370 4459 398 4513 Ρ·
418 4459 443 4511 ²»
459 4460 521 4516 m
541 4461 606 4516 ¹¹7²
625 4456 653 4499 θ(
669 4460 746 4516 mill·
