3262 5226
208 373 356 467 ernau]
586 394 630 447 nr
648 393 824 447 accensu.
1347 377 1414 462 3³9

94 569 122 621 o
140 563 325 636 ryo'regno
346 565 377 615 et
400 571 465 614 non
486 551 528 613 de
551 549 705 628 illo,'sed
728 553 895 636 quomodo
915 551 1112 635 contingeret
1126 549 1187 614 hoc
1210 563 1277 608 arnse
1291 577 1304 610 ι
1319 561 1404 611 ronna

207 656 332 739 planius
354 677 451 741 quam
466 657 553 739 quod
575 654 683 719 omnia
703 656 888 740 temporalia
903 656 976 720 cleri
991 655 1106 740 Anglie
1123 617 1416 718 nonndlldlall‘s·

207 758 311 824 iorent
332 760 391 821 sub
415 758 493 843 regis
516 759 666 844 regimine
689 761 743 823 sed
766 782 858 844 pape,
881 782 956 824 cum
976 759 1063 823 enim
1078 722 1414 823 dicuntu⁰⁶⁹¹¹l⁸l⁰⁹“

205 865 291 946 quod
315 883 398 948 papa
420 862 601 927 dominatur
622 864 762 946 civiliter,
787 886 843 928 nec
861 879 907 929 est
927 863 1076 949 possibile
1099 863 1189 949 quod
1297 892 1300 898 ·

182 967 267 1039 sdue
290 983 356 1031 tam
379 966 531 1049 disparare
555 989 687 1050 persone
704 969 909 1033 dominentur
930 990 968 1031 ex
984 989 1069 1052 equo
1092 966 1190 1030 simul

207 1070 337 1134 civiliter
359 1091 454 1154 super
475 1073 602 1151 eodem,
626 1075 810 1157 relinquitur
833 1075 876 1137 eis
900 1073 1001 1137 dicere
1024 1074 1114 1157 quod
1138 1093 1191 1135 rex

206 1190 313 1239 noster
334 1175 373 1238 sit
399 1175 506 1258 quoad
533 1176 643 1240 omnia
673 1177 857 1242 mortificata
887 1179 918 1240 in
948 1198 1046 1260 regno
1078 1190 1190 1241 nostro

205 1280 255 1343 vel
277 1279 420 1343 exclusus
442 1279 626 1364 simpliciter
647 1283 696 1345 vel
720 1304 799 1367 pape
822 1283 1063 1346 subdominans.

168 1405 197 1458 Η
249 1385 315 1448 Sibi
339 1383 424 1448 enim
447 1406 510 1448 non
544 1386 616 1449 licet
646 1384 696 1471 (ut
719 1386 881 1474 inquiunt)
917 1388 1119 1471 interponere
1152 1386 1406 1458 desnorsuuro

166 1488 289 1564 ‚oclero
320 1490 369 1554 vel
399 1490 650 1574 possessionibus
693 1491 757 1554 suis
794 1506 1079 1576 quantumcunque
1112 1455 1416 1578 deli-nlillills'l„

206 1597 341 1679 querint,
364 1616 421 1659 nec
449 1597 511 1680 regi
536 1597 607 1660 licet
639 1598 818 1662 subtrahere
850 1597 1035 1682 temporalia
1067 1618 1190 1674 eorum,
1215 1565 1398 1678 serillilliage.

206 1716 487 1786 quantumcunque
517 1702 635 1766 abusus
667 1718 772 1788 vergat
803 1705 841 1766 ad
875 1704 961 1788 regni
1001 1703 1192 1787 periculum,

206 1807 281 1890 quia
303 1789 355 1893 (ut
377 1803 539 1892 inquiunt)
563 1808 699 1891 exempti
723 1822 798 1872 sunt
821 1831 837 1870 a
861 1807 1080 1871 iurisdictione
1097 1807 1190 1893 regis,

206 1912 325 1976 tamin
349 1931 480 1994 corpore
504 1932 602 1995 quam
625 1913 656 1974 in
679 1912 782 1993 bonis,
806 1927 836 1974 et
858 1912 1028 1975 inmediate
1056 1912 1190 1977 subiecti

167 2036 288 2101 rspape
311 2016 360 2081 vel
382 2016 447 2079 suis
469 2016 602 2097 ballivis,
629 2016 848 2080 collectoribus
871 2018 920 2080 vel
949 2017 1108 2082 ministris.
1157 2019 1191 2081 ln

206 2121 297 2185 cuius
319 2121 447 2204 signum
469 2142 551 2205 papa
574 2121 667 2184 habet
690 2135 762 2205 post
785 2136 903 2185 mortes
920 2122 1094 2186 multorum
1120 2142 1189 2206 pre·

206 2227 343 2290 latorum
368 2240 397 2289 et
420 2226 570 2289 abbatum
594 2225 627 2289 in
650 2227 763 2311 Anglia
787 2227 907 2310 primos
933 2227 1053 2291 fructus
1076 2247 1189 2291 secun·
1294 2262 1297 2267 ·

207 2332 286 2395 dum
309 2331 512 2416 nephandum
536 2332 672 2395 abusum
696 2329 933 2396 inlundabiliter
967 2345 1192 2416 presumptum

208 2450 277 2500 eta
310 2436 435 2521 regibus
466 2435 662 2519 culpabiliter
692 2437 871 2505 toleratum.
917 2438 1010 2502 Unde
1042 2434 1093 2523 (ut
1115 2435 1192 2499 alias

164 2539 285 2627 sodixi)
325 2541 506 2627 quicunque
541 2540 738 2625 pertinaciter
776 2541 1058 2627 dogmatizaverint
1098 2541 1193 2604 istam

208 2645 401 2711 sentenciam
424 2647 566 2709 nituntur
590 2645 761 2729 proditorie
777 2650 954 2711 subvertere
974 2666 1106 2731 regnum
1132 2664 1189 2709 no·
1223 2666 1391 2729 Seueroyn

207 2765 317 2816 strum.
347 2750 482 2835 Oportet
503 2771 578 2835 ergo
602 2751 639 2814 de
663 2750 838 2835 integritate
858 2738 970 2835 regalie
992 2750 1072 2834 regis
1092 2749 1191 2814 nostri
1219 2723 1396 2820 piewliu'lis‘li

208 2857 296 2940 quod
319 2855 413 2921 habet
436 2870 628 2940 potestatem
651 2857 690 2920 ad
713 2855 952 2920 confiscandum
976 2876 1048 2919 suas
1071 2856 1192 2919 elemo-

208 2959 293 3024 sinas
307 2982 366 3045 pro
381 2974 579 3045 contemptu,
604 2961 687 3045 quia,
710 2982 785 3024 cum
807 2960 941 3045 religiosi
963 2958 1192 3045 possessionati

165 3078 274 3134 asnon
297 3078 370 3128 sunt
390 3063 564 3129 confirmati
586 3067 640 3128 sed
664 3065 836 3148 peccabiles
851 3064 931 3129 sicut
946 3065 1071 3148 vulgus,
1095 3048 1192 3148 patet,

208 3188 282 3233 curn
313 3170 384 3253 plus
417 3169 583 3253 elongatur
605 3190 624 3232 a
645 3190 716 3254 rege
748 3169 859 3253 punire
881 3190 937 3233 eos
965 3183 1031 3235 tam
1063 3167 1096 3231 in
1119 3187 1192 3253 per·

208 3273 295 3337 sonis
317 3294 414 3360 quam
438 3273 469 3335 in
493 3273 729 3357 temporalibus,
752 3272 853 3337 si‘rex
870 3294 936 3337 non
956 3287 1065 3358 posset
1080 3270 1192 3356 punire

208 3397 263 3442 eos
286 3379 318 3442 in
341 3377 579 3462 temporalibus,
603 3393 734 3443 cessaret
749 3380 857 3462 quoad
879 3399 935 3441 eos
957 3377 1063 3441 omnis
1079 3375 1192 3461 regalis

209 3482 364 3564 cohercio,
387 3496 419 3546 et
441 3497 515 3547 tune
538 3483 620 3547 sicut
641 3483 744 3566 angeli
760 3503 825 3546 non
848 3496 924 3546 sunt
946 3480 1077 3546 subiecti
1101 3502 1192 3545 secu·

166 3586 312 3654 solariter
341 3586 406 3671 regi
428 3587 541 3670 Anglie
573 3607 632 3651 nec
662 3586 737 3651 boni
769 3607 827 3651 nec
860 3587 946 3669 mali,
977 3584 1021 3649 sic
1054 3584 1192 3649 necilli.

209 3692 291 3758 Nam
314 3712 449 3776 persona
471 3692 519 3755 vel
541 3693 684 3778 populus
705 3692 841 3755 existens
875 3691 906 3753 in
940 3711 1039 3776 regno
1071 3680 1103 3752 et
1126 3709 1192 3751 non

210 3795 349 3861 subiecta
371 3795 493 3879 legibus
515 3795 596 3882 regis
629 3810 660 3861 et
690 3796 787 3882 regni,
820 3817 885 3861 non
917 3795 1030 3861 dicitur
1063 3815 1130 3858 esse
1153 3795 1193 3858 de

209 3901 265 3967 illo
301 3921 408 3986 regno,
445 3913 480 3965 ut
515 3914 603 3985 paret
637 3903 677 3964 de
714 3901 869 3965 comitivis
901 3899 1193 3986 depopulatricibus

248 4106 268 4154 ⁵.
288 4105 320 4151 B'r
342 4104 472 4164 desperate.
576 4118 610 4163 tp.
638 4107 660 4151 Α
685 4104 709 4150 la
734 4116 822 4161 marga
850 4103 988 4150 Conclusio.
1095 4115 1133 4162 ²⁹·
1160 4102 1191 4148 ns

211 4177 273 4222 stent
297 4175 376 4233 Angll.
1057 4179 1061 4188 '

258 4336 299 4390 33.
318 4337 463 4391 contenta
481 4336 520 4388 cr.
540 4334 722 4404 waningum
740 4334 760 4402 1,
778 4336 837 4390 302.
909 4308 913 4323 ¹
