3262 5226
719 342 889 401 pompm
903 343 1053 401 wvmp,
1219 322 1304 415 [cer.
1317 338 1382 387 xlv.

394 502 548 568 hbcnm
560 514 732 589 utrumque
745 500 900 587 gladium.
913 498 968 567 Sic
983 498 1071 566 enim
1085 499 1200 586 legitur
1212 499 1382 587 upostolos
1394 517 1457 588 ¹7³·
1469 518 1497 573 1.

394 604 544 673 hebnisse
574 618 720 691 tempore
752 602 913 691 captionis
934 604 1053 671 Christi
1084 604 1167 670 duos
1187 605 1323 691 gladios,
1350 617 1382 672 et

394 710 491 775 Petro
511 708 654 797 precepit
675 706 823 775 Christus
843 709 932 796 quod
952 722 1089 797 poneret
1112 707 1256 796 gledium
1282 729 1381 775 suum

393 812 428 879 in
457 813 618 899 mginem.
649 814 698 879 ex
727 832 796 901 quo
827 814 925 879 verbo
954 812 1100 879 innuitur
1129 813 1219 900 quod
1246 814 1380 880 ecclesie

394 915 513 985 christi
544 931 578 984 et
605 916 752 983 acutule
786 916 871 983 Petri
900 917 1018 984 debent
1053 916 1168 982 habere
1205 914 1441 1004 utrumquess,

388 1021 551 1109 gladium,
572 1034 610 1087 ut
630 1034 722 1087 notet
742 1022 855 1087 beems
876 1020 1054 1087 Remurdne
1075 1037 1108 1087 et
1129 1022 1288 1108 quotlibet
1309 1021 1381 1088 iure

393 1124 644 1191 canonicatum
665 1124 905 1193 concordenciis
925 1126 1106 1193 doctorum.
1122 1126 1164 1192 lit
1178 1126 1240 1193 boc
1255 1126 1382 1192 videtur
1421 1122 1427 1135 ’

392 1230 524 1295 beatum
544 1230 676 1297 Petrum
696 1230 830 1297 innuen
850 1230 880 1295 1·
899 1230 983 1296 Petri
1004 1230 1060 1314 11⁰,
1082 1252 1113 1316 9,
1134 1233 1266 1317 quando
1288 1229 1379 1295 dicit:

399 1334 460 1401 Vos
479 1334 558 1401 etde
576 1354 686 1421 genes
705 1336 855 1419 electum,
876 1336 992 1423 regale
1011 1335 1236 1403 sacerdocium
1259 1346 1320 1401 etc.

223 1448 338 1497 Aureo
435 1436 499 1505 llic
540 1438 722 1527 respondeo
762 1438 968 1505 concedendo
1003 1438 1185 1533 maiorem,⁴
1205 1439 1262 1504 aed
1294 1460 1379 1524 nego
1392 1473 1424 1511 m

167 1500 383 1653 ffeii‘u
392 1542 553 1609 minorem
574 1556 742 1631 umquam
765 1564 893 1611 summe
912 1543 1094 1611 hereticam.
1118 1544 1264 1613 Christus
1290 1542 1379 1609 enim

236 1604 506 1713 'w'uhsbnit
526 1646 713 1714 humanitus
733 1646 785 1713 ine
804 1645 1056 1733 primogeniture
1077 1648 1208 1714 nomine
1229 1648 1379 1732 redemp-

391 1750 469 1817 toris
511 1750 645 1817 humsni
674 1749 800 1837 generis
831 1764 865 1819 et
894 1752 1026 1819 nomine
1056 1752 1168 1839 capitis
1193 1751 1380 1819 universalis

392 1854 523 1921 ecclesie
543 1875 621 1921 cum
645 1854 756 1923 multis
780 1854 851 1921 eliis
878 1856 1089 1943 singularibus
1111 1856 1291 1944 privilegiis,
1314 1877 1380 1943 que

392 1980 451 2026 nec
473 1976 594 2047 quanta
615 1960 722 2047 potuit
744 1959 844 2026 iecere
859 1959 961 2026 inesse
975 1961 1071 2027 Petro
1084 1961 1135 2026 rel
1150 1960 1243 2027 alicui
1258 1961 1379 2026 vicario
1393 1980 1423 2036 ιε

391 2063 510 2130 Christi
533 2064 716 2149 formaliter,
738 2065 821 2132 sicut
843 2064 1043 2151 Augustinus
1065 2065 1172 2132 recitat
1185 2066 1378 2153 superloh.,

390 2168 518 2236 Omelie
546 2170 613 2239 Vl¹.
649 2172 879 2238 Verumtamen
908 2170 1109 2258 Augustinus
1139 2172 1251 2238 recitat
1270 2156 1404 2256 'super‘

389 2273 471 2357 loin,
494 2273 621 2341 Omclie
634 2275 689 2357 Ψ,
712 2276 859 2343 Christus
879 2276 985 2363 potuit
1000 2274 1253 2367 communicasse
1268 2276 1376 2356 Petro,

388 2378 525 2444 lohanni
536 2378 587 2445 vel
601 2378 689 2445 alteri
699 2393 899 2465 potestatem,
914 2394 952 2447 ut
966 2378 1128 2445 christieni
1142 2380 1378 2466 baptizarentur

391 2481 423 2545 in
445 2482 579 2547 nominc
601 2502 724 2566 corum,
750 2483 777 2548 si
800 2484 844 2549 sic
865 2484 1027 2569 voluisset,
1049 2486 1105 2549 sed
1119 2505 1177 2550 nec
1191 2484 1296 2549 voluit
1318 2504 1423 2554 necno

389 2586 510 2670 docuit,
536 2587 625 2674 quod
658 2586 800 2673 implicet
829 2590 918 2675 quod
939 2610 1006 2655 non
1028 2589 1074 2654 sic
1095 2588 1201 2675 potuit
1227 2588 1377 2655 voluisse.

431 2690 495 2757 Sed
517 2688 660 2758 'ulterius
692 2695 836 2759 concedo
867 2692 918 2781 (ut
939 2715 1015 2781 sepe
1029 2692 1119 2781 alins)
1142 2694 1230 2780 quod
1254 2696 1376 2759 nedum

388 2794 520 2860 ecclesie
551 2795 608 2860 sed
639 2796 741 2861 clerus
763 2796 880 2864 Christi
910 2798 1006 2864 hebet
1027 2813 1199 2885 utrumque
1220 2797 1375 2884 gladium

390 2899 530 2964 Ecclesia
545 2902 678 2986 quidem
692 2922 768 2966 cum
783 2902 895 2968 habeat
906 2905 1107 2990 dompmea,
1123 2902 1240 2968 scilicet
1255 2903 1377 2968 clerum

388 3016 419 3068 et
432 3004 553 3090 laycos,
575 3025 711 3090 querum
726 3005 814 3091 prior
828 3028 899 3091 pars
913 3008 1008 3072 hebet
1022 3008 1164 3092 gladium
1179 3006 1377 3093 spiritualem
1388 3022 1421 3077 25

389 3107 421 3170 in
444 3129 478 3173 se
501 3108 675 3173 formaliter
697 3124 728 3174 et
758 3131 830 3195 pars
850 3111 978 3196 laycalis
1009 3112 1185 3177 secundum
1216 3111 1377 3198 principes

387 3212 483 3277 seculi
506 3212 602 3277 habet
623 3213 765 3298 gladium
789 3216 985 3299 corporalem
1006 3216 1040 3280 in
1062 3238 1095 3281 se
1118 3216 1300 3282 formaliter.

430 3315 578 3403 intelligo
600 3331 707 3381 autem
729 3338 787 3402 per
814 3334 984 3405 utrumque
1007 3321 1149 3404 gladium
1176 3322 1215 3385 ad
1243 3336 1417 3389 sensumlt

386 3418 549 3486 misticum
586 3421 768 3507 potenciam
800 3423 981 3507 castigandi,
1018 3425 1159 3511 priorem
1190 3427 1375 3511 potenciam

426 3671 458 3705 ro.
474 3659 534 3707 Ain
551 3673 637 3718 merga
651 3642 808 3720 Respondes
872 3673 902 3709 rs.
916 3662 948 3708 lit
965 3663 1002 3708 lne
1016 3665 1090 3709 deest.
1173 3677 1207 3719 rs.
1222 3664 1373 3723 blenarus

386 3728 412 3776 Sl
426 3728 536 3776 cbristus
550 3731 631 3777 babuit
645 3739 785 3789 potestatem
804 3732 943 3778 cohercendl
961 3732 1069 3779 bomlnee
1088 3734 1205 3792 corporali
1220 3734 1316 3781 racione
1330 3749 1374 3781 sne

386 3801 483 3857 regello,
509 3801 573 3846 unde
595 3808 631 3846 est
653 3801 718 3861 qaod
741 3802 787 3848 sibl
810 3811 943 3861 competere
967 3802 1087 3849 domlnerl
1113 3802 1212 3849 clvrllter
1234 3804 1373 3861 denegetur.

386 3879 420 3913 as.
434 3870 456 3914 Α
471 3869 489 3914 B
503 3869 527 3915 ln
542 3881 630 3927 marga
651 3870 712 3917 Note
730 3872 830 3930 qualiter
847 3871 944 3919 ecclesis
960 3872 1030 3918 heber
1047 3872 1109 3918 duos
1122 3873 1214 3930 gladios
1232 3876 1278 3930 (Aa
1293 3874 1374 3920 below

387 3934 435 3994 ¹7³·
447 3939 548 3984 without
561 3941 628 3987 merl
642 3940 669 3985 ol
676 3940 813 3998 reference).
917 3941 953 3987 ab.
967 3939 986 3986 B
999 3941 1023 3987 ln
1034 3954 1124 4000 marg:
1139 3944 1203 4002 Quid
1217 3946 1313 4002 signant
1325 3945 1374 3991 duo

386 4007 457 4064 gladii
471 4009 578 4056 ecclesie.
606 4008 637 4054 ur
651 4010 681 4056 ad
696 4022 793 4057 sensum
806 4034 831 4046 ·-
845 4010 948 4070 gladium
963 4018 1102 4071 potestatem
1118 4014 1192 4061 deest.

435 4165 473 4222 ru.
491 4169 560 4238 Aug.
578 4169 609 4223 ln
624 4169 686 4224 lob.
705 4171 753 4223 Er.
772 4185 829 4239 cup.
850 4171 870 4236 l,
886 4178 958 4223 trect.
978 4171 1010 4222 V.
1029 4170 1100 4241 Opp.
1118 4183 1183 4226 tom.
1201 4173 1243 4239 lll,
1261 4190 1324 4244 pers
1342 4176 1374 4243 11,

386 4268 447 4323 peg.
466 4254 526 4309 ³2³.
1044 4291 1048 4300 ·
1282 4305 1285 4311 .
