3262 5226
154 436 201 504 72
717 422 888 476 Jouauuts
905 421 1052 476 wrcen.
1222 384 1368 490 ternu.

203 601 256 648 rae
268 609 323 648 rme
377 582 488 647 Primo
511 581 611 645 modo
632 580 796 664 loquendo
819 580 860 644 de
881 577 1010 643 ecclesia
1028 577 1136 640 solum
1150 578 1259 641 subest
1282 576 1482 647 ordi-13⁸·tt

169 653 322 765 Ϋτιῗῗιῗοοοτ
339 708 360 751 t·
379 686 507 751 nacioni
531 684 588 750 Dei
619 698 726 749 eterne
757 685 807 748 vel
839 681 955 748 Christi
978 680 1139 746 instituere
1163 679 1231 745 eius
1254 693 1368 772 partes.

166 757 360 805 ”mm
378 790 469 856 Sicut
491 788 577 854 enim
599 810 654 853 rex
676 803 817 853 terrenus
839 787 965 852 ordinat
990 785 1208 871 temporaliter
1234 806 1371 872 regnum

380 914 486 975 suum,
509 893 553 957 sic
568 915 620 959 rex
635 892 758 957 celestis
773 893 899 957 ordinat
913 891 1088 956 eternaliter
1102 909 1240 974 regnum
1262 910 1369 975 suum,

379 1020 456 1064 cum
486 1001 584 1083 regni
613 997 704 1062 illius
736 1017 802 1062 non
833 998 896 1062 erit
917 997 1002 1083 finis
1034 1000 1084 1076 (ut
1113 1010 1201 1081 patet
1229 994 1394 1063 Danielis's

379 1102 463 1183 vlu,
485 1121 521 1183 ¹4
544 1116 576 1166 et
598 1103 684 1166 Luce
704 1099 816 1189 1⁰33).
840 1102 904 1165 Alii
927 1115 1034 1166 autem
1057 1101 1165 1165 iuvant
1187 1100 1237 1164 vel
1260 1121 1365 1184 perse-

379 1220 523 1293 quuntur
552 1226 688 1290 regnum
719 1205 797 1269 illud
828 1206 918 1292 quod
950 1220 996 1270 est
1030 1205 1161 1269 ecclesia
1190 1207 1368 1269 secundum

378 1312 468 1396 quod
489 1312 576 1374 Deus
607 1308 792 1399 eternaliter¹
815 1309 984 1374 ordinavit
1016 1309 1057 1372 Et
1088 1309 1132 1373 sic
1166 1309 1367 1394 loquendum

378 1431 427 1481 est
446 1417 487 1479 de
510 1406 639 1480 ecclesia
662 1435 736 1479 vera
758 1429 789 1481 et
811 1416 850 1479 de
874 1412 1004 1478 ecclesia
1025 1427 1172 1499 pretensa
1186 1413 1236 1477 vel
1253 1414 1365 1497 mixta3

378 1520 433 1584 sed
456 1521 499 1584 de
520 1518 641 1603 prima
663 1533 721 1584 est
742 1519 856 1584 nobis
878 1539 1011 1584 sermo.
1381 1549 1411 1586 ιο

158 1635 213 1683 tae
229 1639 368 1685 tuernout
426 1624 619 1688 Conceditur
640 1638 748 1687 tamen
771 1624 861 1708 quod
883 1621 1089 1686 ordinacione
1109 1622 1252 1686 humana
1266 1622 1368 1687 elerici
1412 1605 1416 1612 ¹

159 1692 369 1797 ‘petimini‘
378 1728 616 1794 constituuntur
637 1727 670 1791 in
695 1726 806 1792 officiis
838 1725 1054 1791 ecclesiasticis
1077 1740 1143 1796 tam
1166 1725 1370 1817 predestinati

159 1796 370 1895 lidrihiffm'i?
383 1853 482 1918 quam
511 1832 647 1917 presciti,
680 1834 736 1896 sed
768 1832 950 1897 ordinantes
983 1830 1027 1893 eis
1063 1830 1136 1894 talia
1168 1829 1273 1895 dificia
1304 1852 1370 1896 non

383 1938 498 2002 habent
519 1950 712 2023 potestatem
734 1936 901 2001 ordinandi
929 1937 1018 2022 quod
1048 1935 1113 2000 sint
1143 1936 1287 2000 membra
1320 1937 1371 2001 vel

380 2055 482 2125 partes
508 2062 582 2105 vere
608 2040 746 2107 ecclesie.
777 2040 916 2106 Ulterius
940 2041 1123 2105 conceditur
1144 2041 1235 2125 quod
1257 2041 1411 2124 prede-15

378 2145 511 2210 stinatus
533 2160 820 2232 quantumcunque
844 2144 991 2210 fueritin
1014 2145 1139 2210 mortali
1164 2166 1231 2210 non
1254 2144 1370 2210 desinit

378 2270 445 2314 esse
466 2251 648 2314 membrum
669 2270 741 2314 vere
769 2249 909 2332 ecclesie,
936 2250 1008 2315 licet
1032 2248 1369 2315 excommunicacione

377 2370 520 2438 pretensa
550 2370 691 2441 ponatur
720 2356 945 2420 nominetenus
976 2369 1062 2419 extra
1095 2355 1310 2440 temporalem
1332 2374 1368 2418 ac

377 2460 574 2544 corporalem
596 2459 923 2525 communicacionem
941 2474 1083 2545 pretense
1097 2458 1236 2524 ecclesie.
1275 2459 1369 2524 Unde

376 2562 527 2629 Ricardus
560 2567 600 2629 de
629 2565 746 2630 Sancto
778 2564 906 2630 Victore
942 2565 974 2629 in
997 2566 1140 2652 quodam
1162 2578 1296 2629 tractatu
1321 2565 1367 2628 De
1378 2592 1412 2629 ιο

283 2749 293 2766 ο
376 2668 532 2734 Potestnte
550 2668 699 2735 Cluvium
717 2669 772 2755 qui
795 2670 839 2734 sic
861 2669 988 2755 incipit:
1018 2669 1266 2754 “Quodcunque
1281 2671 1367 2756 liga·

376 2769 480 2835 neris'’
511 2773 709 2854 Membrum,
735 2773 849 2858 inquit,
875 2775 998 2838 Christi
1029 2785 1136 2858 potest
1173 2773 1240 2838 dici
1270 2774 1366 2838 homo

375 2875 553 2940 secundum
580 2878 743 2962 geminam
770 2877 1077 2959 consideracionem,
1102 2889 1164 2950 ‚aut
1186 2877 1365 2942 seeundum

371 2979 685 3062 predestinacionem
709 2990 768 3043 aut
790 2981 967 3046 secundum
990 2982 1221 3046 habitudinem.
1245 2982 1364 3046 Secun-

377 3085 453 3146 dum
472 3084 790 3168 predestinacionem
810 3096 917 3169 potest
939 3089 1010 3170 quis
1033 3087 1214 3150 membrum
1250 3087 1367 3152 Christi
1378 3099 1408 3152 25

375 3207 447 3252 esse
475 3201 506 3254 et
537 3190 673 3254 necdum
714 3193 884 3254 caritatem
919 3191 1049 3256 hahere.
1085 3189 1191 3257 Juxta
1227 3211 1367 3275 namque

375 3294 500 3357 domini
528 3297 762 3360 testimonium:
785 3295 992 3381 Resrigeseet
1018 3299 1142 3362 caritas
1177 3297 1365 3361 multorum.

376 3397 560 3489 Secundum
584 3419 665 3484 ergo
681 3401 765 3463 hanc
788 3403 1012 3484 accepcionem
1030 3405 1188 3488 contingit
1203 3402 1365 3466 hominem
1412 3472 1415 3478 ⁴

375 3520 444 3566 esse
466 3504 645 3567 membrum
674 3506 796 3569 Christi
810 3514 842 3568 et
858 3505 967 3569 adhuc
984 3509 1114 3571 vinculo
1130 3507 1235 3573 debite
1251 3509 1364 3593 damp-

376 3609 522 3672 nacionis
540 3610 662 3686 teneri,·
678 3608 855 3673 secundum
878 3611 1096 3676 hebitudinem
1128 3624 1236 3677 atatem
1265 3621 1409 3677 mem-³0

377 3708 468 3772 hrum
495 3710 617 3776 Christi
639 3712 770 3790 dicitur,
796 3714 928 3798 quando
952 3717 985 3779 in
1007 3737 1042 3780 se
1065 3716 1159 3780 habet
1181 3717 1256 3798 hoc,
1280 3718 1365 3783 unde

376 3814 437 3876 hoc
458 3816 562 3897 ipsum
586 3815 737 3902 efficitur.
763 3817 828 3882 Sed
852 3820 1020 3904 numquid,
1037 3821 1217 3885 membrum
1244 3820 1364 3886 Christi

377 4059 382 4067 ,
421 4027 441 4061 a.
455 4016 577 4064 lnstitaere
590 4031 652 4066 corr.
666 4021 711 4078 Αμ
725 4020 786 4072 aer
801 4020 856 4067 lusti
870 4032 933 4067 cure.
982 4023 1009 4069 th
1023 4022 1071 4068 ΑΒ
1085 4023 1109 4069 ln
1123 4034 1211 4080 marm:
1227 4023 1365 4072 conclusio.

377 4096 413 4130 ao.
423 4086 471 4131 ΑΒ
485 4087 508 4133 ln
523 4099 610 4145 maren
620 4088 742 4137 hienrdos.

422 4277 463 4316 22.
481 4263 605 4318 Richardi
622 4265 773 4320 &Victoris
789 4283 852 4335 opp.
873 4262 917 4337 (ed
936 4266 1035 4336 iligne)
1057 4283 1119 4338 pars
1137 4283 1191 4320 sec.
1209 4283 1269 4337 pag.
1292 4283 1366 4337 ¹¹7²,

378 4351 498 4418 capxlx
507 4363 581 4405 utet.
588 4352 627 4405 De
637 4365 766 4422 potestate
776 4353 874 4424 ligandi
886 4364 912 4406 et
922 4353 1051 4409 solvendi.
1080 4354 1318 4425 27.Matth.lleV‚
1327 4370 1366 4409 rs.
