3262 5226
121 474 248 568 canu]
488 491 534 544 ou
552 488 729 545 oecume-

87 666 112 739 7·
121 651 320 736 privilegium
342 666 527 714 concessum
549 646 589 709 ab
612 647 738 730 Edgoro
760 659 792 710 et
813 659 925 709 sancto
945 646 1103 710 Edwmdo

99 753 312 829 sconlessore‚
350 770 536 818 concessum
558 746 718 836 (inquam)
741 748 800 812 sibi
823 762 855 813 et
886 748 1012 814 ecclesie
1041 752 1119 815 sub·

121 858 179 922 hac
206 857 323 923 formo:
364 857 554 943 Cognoscat,
586 852 690 939 inquit
724 853 879 937 Edgarus,
912 854 1101 939 magnitudo
1132 868 1312 932 wmqnnaer

120 982 177 1027 seu
201 965 324 1027 utilitas
346 972 452 1025 restra
470 979 566 1044 quam
583 957 798 1023 discernimus
811 968 843 1023 et
858 960 1099 1043 inperpetuum
1109 922 1332 1035 maeffffiffi

97 1084 312 1136 §mansurum
347 1067 493 1131 iubemus
523 1073 619 1148 atque
648 1065 883 1145 constituimus,
911 1074 944 1128 ut
961 1083 1027 1148 pro
1048 1084 1100 1129 re·
1210 1038 1242 1072 ⁸⁸

123 1174 272 1236 rerencia
302 1172 517 1254 reliquiarum
549 1169 780 1255 gloriosissimi
801 1169 940 1252 apostoli
961 1168 1046 1232 Petri
1070 1180 1104 1233 et

122 1279 227 1361 quiete
243 1277 472 1340 monacborum
496 1274 611 1338 ibidem
628 1275 699 1340 Deo
713 1273 974 1360 famulancium,
996 1275 1103 1339 bonor

121 1393 151 1446 et
173 1383 246 1445 laus
269 1381 372 1445 eidam
389 1381 522 1444 ecclesie
536 1379 704 1460 habeatur,
721 1390 756 1444 ut
778 1381 925 1465 quisquis
936 1378 1102 1467 fugitivo·

121 1507 194 1550 rum
228 1506 294 1571 pro
332 1485 471 1570 quolibet
507 1484 630 1549 scelere
662 1484 708 1548 ad
736 1484 906 1571 prefatam
937 1483 1102 1549 basilicam

87 1594 226 1655 osunen·
248 1591 335 1654 Petri
347 1588 490 1674 fugiens
511 1591 714 1672 procinctum
737 1589 808 1654 eius
829 1590 1010 1671 intraverit,
1035 1590 1103 1654 siue

116 1695 219 1777 pedes
249 1696 299 1759 rel
326 1694 486 1778 pedester,
507 1695 575 1757 sire
598 1713 694 1777 eques
717 1693 769 1758 rel
789 1703 949 1778 equester,
974 1695 1042 1758 sire
1062 1693 1104 1757 de

121 1802 216 1863 curia
249 1800 360 1884 rogali
389 1800 456 1864 sire
486 1799 527 1862 de
556 1800 685 1863 civitate
714 1818 772 1862 scu
803 1799 894 1875 uilla,
916 1817 973 1862 seu
994 1802 1103 1863 cuius·

121 1925 247 1988 cunque
281 1903 482 1968 condicionis
506 1906 558 1984 sit,
582 1922 773 1988 quocunque
795 1903 913 1967 delicto
934 1903 1103 1990 facinoris

122 2020 236 2070 contra
268 2029 328 2072 uos
359 2010 410 2071 rel
439 2027 626 2072 succesores
648 2028 746 2093 reges
767 2009 889 2094 Auglie
911 2009 962 2072 rel
987 2018 1102 2072 contra

87 2113 224 2177 natium
257 2113 428 2196 preemlibct
439 2112 576 2196 fidelem
599 2124 710 2177 sancto
733 2113 867 2176 ecclesie
879 2113 974 2199 soris
985 2113 1104 2199 sactus

122 2220 173 2296 sit,
206 2218 376 2280 relaxetur
406 2229 437 2281 et
467 2219 624 2281 liberetur
654 2229 684 2281 ct
718 2220 816 2281 uitam
840 2228 938 2303 atque
960 2219 1103 2284 membra

122 2323 333 2405 absqueulla
356 2321 617 2387 contradiccione
639 2323 791 2405 optineat.
828 2323 981 2388 Preterea
1005 2305 1102 2389 inter-

124 2429 289 2489 minamur
319 2426 429 2490 diuina
452 2429 642 2491 auctoritate
664 2437 696 2490 et
720 2439 842 2512 nostra,
866 2440 900 2492 ut
922 2450 1023 2513 neque
1046 2450 1104 2494 nos

124 2552 225 2613 neque
246 2552 451 2596 successores
473 2533 576 2596 nostri
605 2553 706 2616 neque
730 2535 817 2598 ullus
844 2537 1015 2618 episcopus
1046 2555 1104 2600 nec

87 2660 113 2696 to
123 2639 304 2719 quicunque
337 2637 423 2701 alius
459 2636 499 2700 de
535 2637 707 2699 iudiciaria
736 2648 897 2721 potestate
927 2641 961 2703 in
998 2642 1101 2724 ipsam

121 2752 266 2802 sanctam
299 2743 466 2805 basilicam
500 2743 551 2805 rel
580 2743 613 2805 in
645 2753 814 2806 manentes
837 2745 870 2805 in
894 2745 966 2826 ipsa
990 2747 1041 2808 rel
1068 2746 1103 2809 in

121 2846 267 2909 homiues
289 2850 344 2929 qui
365 2868 438 2911 cum
460 2867 520 2911 sna
535 2849 721 2910 substancia
746 2849 798 2911 rel
818 2850 916 2913 rebus
936 2848 980 2912 ad
999 2851 1102 2933 ipsam

120 2951 253 3015 tradere
276 2954 325 3014 vel
348 2952 505 3016 deuouere
520 2973 555 3015 se
571 2954 739 3026 voluerint,
756 2954 819 3016 nisi
828 2974 894 3035 per
909 2954 1101 3019 uoluntatem

121 3057 245 3121 obbatis
267 3068 295 3118 et
318 3077 452 3120 suorum
478 3059 719 3135 monachorum,
754 3060 854 3121 ullam
882 3079 1023 3143 unquam
1046 3061 1103 3123 ba·

87 3164 218 3225 obeant
235 3173 436 3245 potestatem,
460 3162 518 3225 sed
531 3164 572 3225 sit
594 3164 651 3224 bec
666 3174 771 3225 mater
790 3165 926 3227 ecclesia
948 3166 1051 3229 libera
1073 3176 1105 3229 et

122 3267 270 3329 absoluta
294 3266 335 3327 ab
358 3268 446 3328 omni
463 3268 630 3330 invasione
653 3267 705 3328 rel
726 3267 947 3349 inquietudine
960 3271 1102 3334 omniurn

123 3371 285 3432 bominum
320 3373 540 3453 cuiuscunque
569 3371 695 3434 ordinis
727 3373 780 3436 rel
810 3377 991 3456 potestatis.
1039 3374 1102 3440 ob-

121 3495 288 3539 secramus
318 3477 421 3538 eciam
445 3495 556 3538 omues
577 3495 780 3541 successores
803 3489 933 3544 nostros
953 3499 1049 3566 reges
1071 3490 1104 3545 et

161 3764 185 3803 4.
206 3751 231 3795 ln
251 3758 328 3794 cens:
350 3749 503 3794 decernimus.
608 3762 630 3807 7.
655 3750 700 3795 ibi:
722 3758 744 3795 et
763 3744 806 3808 pro
824 3753 910 3809 quiete·
1012 3754 1035 3799 8.
1055 3754 1100 3799 ibi:

123 3819 227 3864 eiusdem
242 3821 340 3863 ecclesie
354 3819 501 3864 habeatusid
515 3827 597 3864 estut.
704 3834 736 3865 ιο.
752 3821 814 3866 lbids
836 3823 897 3866 beatl
916 3823 1014 3879 apostoli
1033 3823 1101 3869 Pctsl.

124 3901 152 3933 m.
164 3887 193 3933 sl.
204 3891 229 3934 ln
243 3890 312 3933 codd.
326 3889 379 3933 uilla
388 3890 558 3945 cuiuscunqsm
568 3889 658 3934 correxi
672 3905 684 3935 c
699 3891 833 3947 privilegim
847 3891 902 3936 vide
916 3891 975 3937 Cod.
990 3893 1036 3948 dipl
1050 3906 1100 3938 aer.
1119 3935 1122 3940 .

122 3959 176 4005 San.
198 3959 226 4017 ll,
248 3958 300 4004 ³6⁶.
406 3957 435 4003 1³.
456 3958 481 4003 ln
500 3959 571 4003 codd.
585 3959 726 4005 leclnosltcr.
747 3960 814 4005 Coss.
830 3973 843 4004 e
857 3962 917 4019 priv.
1022 3973 1054 4008 m.
1070 3963 1100 4008 sd

122 4030 198 4085 ipsam
213 4030 236 4074 in
251 4029 320 4072 codd.
335 4028 408 4093 deest:
419 4028 506 4073 Addidi
520 4042 533 4073 e
547 4028 607 4085 priv.
712 4040 748 4085 ³7·
762 4032 798 4074 vel
813 4031 948 4088 potestatis3
963 4032 1034 4076 addes
1049 4045 1101 4077 esse

104 4099 252 4143 *videsnlun

168 4243 191 4295 3.
210 4243 303 4310 Comp.
323 4252 378 4292 tom
399 4241 429 4306 ll,
447 4213 505 4310 pag.
530 4241 587 4296 363.
611 4243 676 4293 Cod.
700 4244 810 4310 diplom.
834 4245 891 4295 sevi
911 4243 1030 4296 Sesooicl
1048 4244 1100 4311 (ed.

123 4326 254 4397 Kcmble).
282 4327 393 4378 liemble
410 4327 481 4395 gives
500 4328 544 4380 the
566 4342 639 4382 exact
657 4331 746 4380 words
765 4330 796 4381 ol
811 4329 857 4382 the
879 4343 981 4399 grentes
997 4343 1055 4402 pust
1071 4332 1104 4385 ol

123 4415 176 4466 this
194 4415 303 4468 cheno.
