<?xml version="1.0" encoding="UTF-8"?>
<!DOCTYPE html PUBLIC "-//W3C//DTD XHTML 1.0 Transitional//EN"
    "http://www.w3.org/TR/xhtml1/DTD/xhtml1-transitional.dtd">
<html xmlns="http://www.w3.org/1999/xhtml" xml:lang="en" lang="en">
 <head>
  <title>
</title>
<meta http-equiv="Content-Type" content="text/html;charset=utf-8" />
  <meta name='ocr-system' content='tesseract 3.04.00' />
  <meta name='ocr-capabilities' content='ocr_page ocr_carea ocr_par ocr_line ocrx_word'/>
</head>
<body>
  <div class='ocr_page' id='page_1' title='image "./iohanniswyclift00mattgoog_0302.png"; bbox 0 0 3262 5226; ppageno 0'>
   <div class='ocr_carea' id='block_1_1' title="bbox 142 597 1352 695">
    <p class='ocr_par' dir='ltr' id='par_1_1' title="bbox 142 597 1352 695">
     <span class='ocr_line' id='line_1_1' title="bbox 142 597 1352 695; baseline -0.031 1"><span class='ocrx_word' id='word_1_1' title='bbox 142 615 220 695; x_wconf 80' lang='lat'>²⁶4</span> <span class='ocrx_word' id='word_1_2' title='bbox 686 622 854 675; x_wconf 73' lang='lat' dir='ltr'>tonsuras</span> <span class='ocrx_word' id='word_1_3' title='bbox 870 623 1016 676; x_wconf 83' lang='lat' dir='ltr'>wvcur.</span> <span class='ocrx_word' id='word_1_4' title='bbox 1208 597 1352 691; x_wconf 68' lang='lat' dir='ltr'>[cnam</span> 
     </span>
    </p>
   </div>
   <div class='ocr_carea' id='block_1_2' title="bbox 140 775 1457 4074">
    <p class='ocr_par' dir='ltr' id='par_1_2' title="bbox 191 775 1457 862">
     <span class='ocr_line' id='line_1_2' title="bbox 191 775 1457 862; baseline -0.002 -20"><span class='ocrx_word' id='word_1_5' title='bbox 191 794 243 842; x_wconf 77' lang='lat' dir='ltr'>We</span> <span class='ocrx_word' id='word_1_6' title='bbox 256 803 318 840; x_wconf 69' lang='lat' dir='ltr'>mser</span> <span class='ocrx_word' id='word_1_7' title='bbox 371 782 453 846; x_wconf 88' lang='lat' dir='ltr'>inter</span> <span class='ocrx_word' id='word_1_8' title='bbox 472 781 676 846; x_wconf 76' lang='lat' dir='ltr'><strong>occasionem</strong></span> <span class='ocrx_word' id='word_1_9' title='bbox 689 775 709 815; x_wconf 81' lang='lat'>¹⁸</span> <span class='ocrx_word' id='word_1_10' title='bbox 723 779 830 842; x_wconf 86' lang='lat' dir='ltr'>datam</span> <span class='ocrx_word' id='word_1_11' title='bbox 843 776 881 843; x_wconf 69' lang='lat' dir='ltr'>&#39;et</span> <span class='ocrx_word' id='word_1_12' title='bbox 903 777 1107 842; x_wconf 81' lang='lat' dir='ltr'>occasionem</span> <span class='ocrx_word' id='word_1_13' title='bbox 1128 791 1292 862; x_wconf 85' lang='lat' dir='ltr'>acceptam</span> <span class='ocrx_word' id='word_1_14' title='bbox 1315 798 1352 840; x_wconf 87' lang='lat' dir='ltr'>ex</span> <span class='ocrx_word' id='word_1_15' title='bbox 1366 789 1425 846; x_wconf 70' lang='grc' dir='ltr'>ιω·</span> <span class='ocrx_word' id='word_1_16' title='bbox 1440 790 1457 844; x_wconf 93' lang='lat'>1</span> 
     </span>
    </p>

    <p class='ocr_par' dir='ltr' id='par_1_3' title="bbox 140 847 1354 1172">
     <span class='ocr_line' id='line_1_3' title="bbox 155 847 1352 970; baseline -0.003 -21"><span class='ocrx_word' id='word_1_17' title='bbox 155 847 353 949; x_wconf 47' lang='lat' dir='ltr'>uffae-&#39;elleh-</span> <span class='ocrx_word' id='word_1_18' title='bbox 370 887 439 970; x_wconf 87' lang='lat' dir='ltr'>lege</span> <span class='ocrx_word' id='word_1_19' title='bbox 459 887 499 949; x_wconf 90' lang='lat' dir='ltr'>ad</span> <span class='ocrx_word' id='word_1_20' title='bbox 522 884 788 948; x_wconf 89' lang='lat' dir='ltr'>committendum</span> <span class='ocrx_word' id='word_1_21' title='bbox 804 882 965 966; x_wconf 84' lang='lat' dir='ltr'>iniuriam;</span> <span class='ocrx_word' id='word_1_22' title='bbox 980 884 1074 946; x_wconf 90' lang='lat' dir='ltr'>datur</span> <span class='ocrx_word' id='word_1_23' title='bbox 1095 896 1214 946; x_wconf 38' lang='lat' dir='ltr'>autem*</span> <span class='ocrx_word' id='word_1_24' title='bbox 1226 882 1352 945; x_wconf 80' lang='lat' dir='ltr'>occasio</span> 
     </span>
     <span class='ocr_line' id='line_1_4' title="bbox 140 951 1353 1076; baseline -0.005 -23"><span class='ocrx_word' id='word_1_25' title='bbox 140 951 390 1054; x_wconf 46' lang='lat' dir='ltr'>&amp;hill‘ln&#39;lia</span> <span class='ocrx_word' id='word_1_26' title='bbox 419 992 488 1076; x_wconf 91' lang='lat' dir='ltr'>lege</span> <span class='ocrx_word' id='word_1_27' title='bbox 523 989 641 1054; x_wconf 89' lang='lat' dir='ltr'>iniusta</span> <span class='ocrx_word' id='word_1_28' title='bbox 677 987 718 1052; x_wconf 90' lang='lat' dir='ltr'>ad</span> <span class='ocrx_word' id='word_1_29' title='bbox 755 987 900 1051; x_wconf 89' lang='lat' dir='ltr'>iniuriam</span> <span class='ocrx_word' id='word_1_30' title='bbox 931 988 1190 1072; x_wconf 89' lang='lat' dir='ltr'>perpetrandum,</span> <span class='ocrx_word' id='word_1_31' title='bbox 1221 986 1353 1071; x_wconf 86' lang='lat' dir='ltr'>quando</span> 
     </span>
     <span class='ocr_line' id='line_1_5' title="bbox 371 1089 1354 1172; baseline -0.004 -15"><span class='ocrx_word' id='word_1_32' title='bbox 371 1096 548 1160; x_wconf 89' lang='lat' dir='ltr'>secundum</span> <span class='ocrx_word' id='word_1_33' title='bbox 572 1113 702 1157; x_wconf 89' lang='lat' dir='ltr'>sensum</span> <span class='ocrx_word' id='word_1_34' title='bbox 724 1090 792 1154; x_wconf 88' lang='lat' dir='ltr'>eius</span> <span class='ocrx_word' id='word_1_35' title='bbox 814 1111 886 1156; x_wconf 92' lang='lat' dir='ltr'>cum</span> <span class='ocrx_word' id='word_1_36' title='bbox 907 1091 989 1154; x_wconf 90' lang='lat' dir='ltr'>veris</span> <span class='ocrx_word' id='word_1_37' title='bbox 1011 1090 1145 1155; x_wconf 90' lang='lat' dir='ltr'>infertur</span> <span class='ocrx_word' id='word_1_38' title='bbox 1167 1089 1291 1172; x_wconf 89' lang='lat' dir='ltr'>iniuria,</span> <span class='ocrx_word' id='word_1_39' title='bbox 1318 1104 1354 1153; x_wconf 92' lang='lat' dir='ltr'>ut</span> 
     </span>
    </p>

    <p class='ocr_par' dir='ltr' id='par_1_4' title="bbox 371 1193 1379 1699">
     <span class='ocr_line' id='line_1_6' title="bbox 371 1193 1379 1279; baseline -0.005 -18"><span class='ocrx_word' id='word_1_40' title='bbox 371 1220 483 1263; x_wconf 88' lang='lat' dir='ltr'>sensus</span> <span class='ocrx_word' id='word_1_41' title='bbox 513 1199 698 1262; x_wconf 87' lang='lat' dir='ltr'>vendicatur</span> <span class='ocrx_word' id='word_1_42' title='bbox 734 1209 910 1279; x_wconf 79' lang='lat' dir='ltr'>competere</span> <span class='ocrx_word' id='word_1_43' title='bbox 942 1196 1027 1260; x_wconf 91' lang='lat' dir='ltr'>dicto</span> <span class='ocrx_word' id='word_1_44' title='bbox 1059 1193 1228 1279; x_wconf 87' lang='lat' dir='ltr'>privilegio</span> <span class='ocrx_word' id='word_1_45' title='bbox 1265 1195 1379 1279; x_wconf 79' lang='lat' dir='ltr'>quods</span> 
     </span>
     <span class='ocr_line' id='line_1_7' title="bbox 372 1296 1355 1387; baseline -0.004 -20"><span class='ocrx_word' id='word_1_46' title='bbox 372 1296 488 1367; x_wconf 82' lang='lat' dir='ltr'>omnis&#39;</span> <span class='ocrx_word' id='word_1_47' title='bbox 509 1302 662 1387; x_wconf 89' lang='lat' dir='ltr'>fugitivus</span> <span class='ocrx_word' id='word_1_48' title='bbox 684 1302 724 1363; x_wconf 93' lang='lat' dir='ltr'>ad</span> <span class='ocrx_word' id='word_1_49' title='bbox 748 1301 837 1364; x_wconf 92' lang='lat' dir='ltr'>illum</span> <span class='ocrx_word' id='word_1_50' title='bbox 864 1302 983 1384; x_wconf 88' lang='lat' dir='ltr'>locum,</span> <span class='ocrx_word' id='word_1_51' title='bbox 1016 1300 1083 1364; x_wconf 85' lang='lat' dir='ltr'>sive</span> <span class='ocrx_word' id='word_1_52' title='bbox 1116 1299 1210 1363; x_wconf 91' lang='lat' dir='ltr'>fuerit</span> <span class='ocrx_word' id='word_1_53' title='bbox 1239 1298 1355 1383; x_wconf 89' lang='lat' dir='ltr'>dignus</span> 
     </span>
     <span class='ocr_line' id='line_1_8' title="bbox 371 1403 1355 1491; baseline -0.005 -22"><span class='ocrx_word' id='word_1_54' title='bbox 371 1403 436 1469; x_wconf 84' lang='lat' dir='ltr'>sive¹</span> <span class='ocrx_word' id='word_1_55' title='bbox 467 1405 628 1491; x_wconf 86' lang='lat' dir='ltr'>indignus,</span> <span class='ocrx_word' id='word_1_56' title='bbox 665 1405 792 1469; x_wconf 83' lang='lat' dir='ltr'>habebit</span> <span class='ocrx_word' id='word_1_57' title='bbox 828 1405 868 1468; x_wconf 92' lang='lat' dir='ltr'>ibi</span> <span class='ocrx_word' id='word_1_58' title='bbox 903 1404 1127 1468; x_wconf 83' lang='lat' dir='ltr'>omnimodam</span> <span class='ocrx_word' id='word_1_59' title='bbox 1162 1404 1355 1483; x_wconf 87' lang='lat' dir='ltr'>libertatem;</span> 
     </span>
     <span class='ocr_line' id='line_1_9' title="bbox 372 1507 1355 1595; baseline -0.004 -21"><span class='ocrx_word' id='word_1_60' title='bbox 372 1512 461 1595; x_wconf 92' lang='lat' dir='ltr'>quod</span> <span class='ocrx_word' id='word_1_61' title='bbox 496 1511 690 1574; x_wconf 87' lang='lat' dir='ltr'>declaratum</span> <span class='ocrx_word' id='word_1_62' title='bbox 721 1524 768 1574; x_wconf 89' lang='lat' dir='ltr'>est</span> <span class='ocrx_word' id='word_1_63' title='bbox 799 1529 972 1594; x_wconf 88' lang='lat' dir='ltr'>repugnare</span> <span class='ocrx_word' id='word_1_64' title='bbox 1006 1508 1113 1572; x_wconf 80' lang='lat' dir='ltr'>divine</span> <span class='ocrx_word' id='word_1_65' title='bbox 1144 1507 1277 1572; x_wconf 87' lang='lat' dir='ltr'>iusticie.</span> <span class='ocrx_word' id='word_1_66' title='bbox 1322 1508 1355 1572; x_wconf 89' lang='lat' dir='ltr'>Si</span> 
     </span>
     <span class='ocr_line' id='line_1_10' title="bbox 372 1612 1357 1699; baseline -0.002 -23"><span class='ocrx_word' id='word_1_67' title='bbox 372 1629 480 1678; x_wconf 88' lang='lat' dir='ltr'>autem</span> <span class='ocrx_word' id='word_1_68' title='bbox 516 1615 641 1679; x_wconf 90' lang='lat' dir='ltr'>dicatur</span> <span class='ocrx_word' id='word_1_69' title='bbox 676 1616 764 1699; x_wconf 91' lang='lat' dir='ltr'>quod</span> <span class='ocrx_word' id='word_1_70' title='bbox 802 1615 904 1677; x_wconf 90' lang='lat' dir='ltr'>solum</span> <span class='ocrx_word' id='word_1_71' title='bbox 941 1634 999 1698; x_wconf 90' lang='lat' dir='ltr'>pro</span> <span class='ocrx_word' id='word_1_72' title='bbox 1036 1614 1142 1698; x_wconf 83' lang='lat' dir='ltr'>dignis</span> <span class='ocrx_word' id='word_1_73' title='bbox 1173 1612 1357 1676; x_wconf 78' lang='lat' dir='ltr'>vendicetur</span> 
     </span>
    </p>

    <p class='ocr_par' dir='ltr' id='par_1_5' title="bbox 373 1715 1400 2116">
     <span class='ocr_line' id='line_1_11' title="bbox 373 1715 1400 1802; baseline -0.001 -21"><span class='ocrx_word' id='word_1_74' title='bbox 373 1721 509 1800; x_wconf 89' lang='lat' dir='ltr'>libertas,</span> <span class='ocrx_word' id='word_1_75' title='bbox 543 1733 620 1783; x_wconf 91' lang='lat' dir='ltr'>tunc</span> <span class='ocrx_word' id='word_1_76' title='bbox 642 1719 691 1781; x_wconf 92' lang='lat' dir='ltr'>vel</span> <span class='ocrx_word' id='word_1_77' title='bbox 713 1732 840 1802; x_wconf 83' lang='lat' dir='ltr'>oportet</span> <span class='ocrx_word' id='word_1_78' title='bbox 860 1719 974 1781; x_wconf 89' lang='lat' dir='ltr'>docere</span> <span class='ocrx_word' id='word_1_79' title='bbox 994 1717 1085 1802; x_wconf 91' lang='lat' dir='ltr'>quod</span> <span class='ocrx_word' id='word_1_80' title='bbox 1110 1716 1231 1801; x_wconf 82' lang='lat' dir='ltr'>fugitivi</span> <span class='ocrx_word' id='word_1_81' title='bbox 1264 1715 1354 1779; x_wconf 89' lang='lat' dir='ltr'>liber·</span> <span class='ocrx_word' id='word_1_82' title='bbox 1369 1746 1400 1782; x_wconf 86' lang='grc' dir='ltr'>ιο</span> 
     </span>
     <span class='ocr_line' id='line_1_12' title="bbox 374 1820 1358 1906; baseline -0.006 -18"><span class='ocrx_word' id='word_1_83' title='bbox 374 1824 460 1888; x_wconf 87' lang='lat' dir='ltr'>tandi</span> <span class='ocrx_word' id='word_1_84' title='bbox 493 1836 568 1887; x_wconf 92' lang='lat' dir='ltr'>sunt</span> <span class='ocrx_word' id='word_1_85' title='bbox 598 1821 696 1906; x_wconf 91' lang='lat' dir='ltr'>digni,</span> <span class='ocrx_word' id='word_1_86' title='bbox 728 1822 778 1885; x_wconf 89' lang='lat' dir='ltr'>vel</span> <span class='ocrx_word' id='word_1_87' title='bbox 811 1823 911 1884; x_wconf 88' lang='lat' dir='ltr'>dicere</span> <span class='ocrx_word' id='word_1_88' title='bbox 933 1823 1022 1905; x_wconf 90' lang='lat' dir='ltr'>quod</span> <span class='ocrx_word' id='word_1_89' title='bbox 1049 1843 1089 1885; x_wconf 91' lang='lat' dir='ltr'>eo</span> <span class='ocrx_word' id='word_1_90' title='bbox 1112 1820 1183 1904; x_wconf 90' lang='lat' dir='ltr'>ipso</span> <span class='ocrx_word' id='word_1_91' title='bbox 1206 1841 1273 1904; x_wconf 92' lang='lat' dir='ltr'>quo</span> <span class='ocrx_word' id='word_1_92' title='bbox 1306 1840 1358 1883; x_wconf 80' lang='lat' dir='ltr'>rex</span> 
     </span>
     <span class='ocr_line' id='line_1_13' title="bbox 374 1924 1358 2011; baseline -0.005 -20"><span class='ocrx_word' id='word_1_93' title='bbox 374 1929 419 1991; x_wconf 90' lang='lat' dir='ltr'>sic</span> <span class='ocrx_word' id='word_1_94' title='bbox 456 1927 611 2007; x_wconf 90' lang='lat' dir='ltr'>concedit,</span> <span class='ocrx_word' id='word_1_95' title='bbox 648 1925 831 2011; x_wconf 88' lang='lat' dir='ltr'>quicunque</span> <span class='ocrx_word' id='word_1_96' title='bbox 866 1926 939 1989; x_wconf 92' lang='lat' dir='ltr'>illuc</span> <span class='ocrx_word' id='word_1_97' title='bbox 971 1924 1095 2010; x_wconf 80' lang='lat' dir='ltr'>fugiens</span> <span class='ocrx_word' id='word_1_98' title='bbox 1132 1925 1189 1989; x_wconf 88' lang='lat' dir='ltr'>erit</span> <span class='ocrx_word' id='word_1_99' title='bbox 1226 1925 1358 2008; x_wconf 71' lang='lat' dir='ltr'>dignus,</span> 
     </span>
     <span class='ocr_line' id='line_1_14' title="bbox 374 2028 1359 2116; baseline -0.002 -22"><span class='ocrx_word' id='word_1_100' title='bbox 374 2034 450 2097; x_wconf 88' lang='lat' dir='ltr'>dato</span> <span class='ocrx_word' id='word_1_101' title='bbox 482 2031 600 2116; x_wconf 90' lang='lat' dir='ltr'>primo,</span> <span class='ocrx_word' id='word_1_102' title='bbox 632 2044 707 2094; x_wconf 93' lang='lat' dir='ltr'>tunc</span> <span class='ocrx_word' id='word_1_103' title='bbox 741 2032 836 2095; x_wconf 86' lang='lat' dir='ltr'>docto</span> <span class='ocrx_word' id='word_1_104' title='bbox 867 2051 922 2116; x_wconf 91' lang='lat' dir='ltr'>per</span> <span class='ocrx_word' id='word_1_105' title='bbox 954 2030 1126 2094; x_wconf 91' lang='lat' dir='ltr'>consilium</span> <span class='ocrx_word' id='word_1_106' title='bbox 1156 2028 1239 2113; x_wconf 87' lang='lat' dir='ltr'>regis</span> <span class='ocrx_word' id='word_1_107' title='bbox 1269 2030 1359 2114; x_wconf 92' lang='lat' dir='ltr'>quod</span> 
     </span>
    </p>

    <p class='ocr_par' dir='ltr' id='par_1_6' title="bbox 375 2127 1411 2220">
     <span class='ocr_line' id='line_1_15' title="bbox 375 2127 1411 2220; baseline 0 -21"><span class='ocrx_word' id='word_1_108' title='bbox 375 2138 467 2200; x_wconf 91' lang='lat' dir='ltr'>datus</span> <span class='ocrx_word' id='word_1_109' title='bbox 489 2135 643 2218; x_wconf 87' lang='lat' dir='ltr'>fugitivus</span> <span class='ocrx_word' id='word_1_110' title='bbox 666 2156 730 2197; x_wconf 91' lang='lat' dir='ltr'>non</span> <span class='ocrx_word' id='word_1_111' title='bbox 747 2135 786 2198; x_wconf 89' lang='lat' dir='ltr'>sit</span> <span class='ocrx_word' id='word_1_112' title='bbox 802 2136 913 2220; x_wconf 88' lang='lat' dir='ltr'>dignus</span> <span class='ocrx_word' id='word_1_113' title='bbox 937 2136 1052 2198; x_wconf 88' lang='lat' dir='ltr'>habere</span> <span class='ocrx_word' id='word_1_114' title='bbox 1068 2133 1241 2219; x_wconf 91' lang='lat' dir='ltr'>refugium,</span> <span class='ocrx_word' id='word_1_115' title='bbox 1263 2133 1359 2199; x_wconf 88' lang='lat' dir='ltr'>nichil</span> <span class='ocrx_word' id='word_1_116' title='bbox 1402 2127 1411 2149; x_wconf 88' lang='lat'><em>&#39;</em></span> 
     </span>
    </p>

    <p class='ocr_par' dir='ltr' id='par_1_7' title="bbox 376 2239 1401 2743">
     <span class='ocr_line' id='line_1_16' title="bbox 376 2239 1401 2325; baseline 0 -21"><span class='ocrx_word' id='word_1_117' title='bbox 376 2241 435 2304; x_wconf 84' lang='lat' dir='ltr'>sibi</span> <span class='ocrx_word' id='word_1_118' title='bbox 459 2255 490 2303; x_wconf 92' lang='lat' dir='ltr'>et</span> <span class='ocrx_word' id='word_1_119' title='bbox 512 2239 677 2325; x_wconf 88' lang='lat' dir='ltr'>privilegio</span> <span class='ocrx_word' id='word_1_120' title='bbox 700 2239 866 2304; x_wconf 88' lang='lat' dir='ltr'>libertanti.</span> <span class='ocrx_word' id='word_1_121' title='bbox 888 2240 920 2304; x_wconf 90' lang='lat' dir='ltr'>Si</span> <span class='ocrx_word' id='word_1_122' title='bbox 944 2241 1121 2304; x_wconf 88' lang='lat' dir='ltr'>secundum</span> <span class='ocrx_word' id='word_1_123' title='bbox 1148 2240 1251 2320; x_wconf 91' lang='lat' dir='ltr'>detur,</span> <span class='ocrx_word' id='word_1_124' title='bbox 1284 2252 1401 2304; x_wconf 75' lang='lat' dir='ltr'>tuncrs</span> 
     </span>
     <span class='ocr_line' id='line_1_17' title="bbox 376 2343 1359 2429; baseline -0.001 -22"><span class='ocrx_word' id='word_1_125' title='bbox 376 2345 562 2429; x_wconf 83' lang='lat' dir='ltr'>blaspheme</span> <span class='ocrx_word' id='word_1_126' title='bbox 576 2344 736 2407; x_wconf 82' lang='lat' dir='ltr'>extollitur</span> <span class='ocrx_word' id='word_1_127' title='bbox 751 2344 895 2428; x_wconf 88' lang='lat' dir='ltr'>princeps</span> <span class='ocrx_word' id='word_1_128' title='bbox 909 2343 1111 2429; x_wconf 87' lang='lat' dir='ltr'>privilegians</span> <span class='ocrx_word' id='word_1_129' title='bbox 1133 2365 1228 2427; x_wconf 91' lang='lat' dir='ltr'>supra</span> <span class='ocrx_word' id='word_1_130' title='bbox 1245 2345 1359 2407; x_wconf 87' lang='lat' dir='ltr'>Deum.</span> 
     </span>
     <span class='ocr_line' id='line_1_18' title="bbox 378 2447 1361 2532; baseline -0.002 -20"><span class='ocrx_word' id='word_1_131' title='bbox 378 2451 464 2512; x_wconf 90' lang='lat' dir='ltr'>Deus</span> <span class='ocrx_word' id='word_1_132' title='bbox 498 2447 586 2511; x_wconf 92' lang='lat' dir='ltr'>enim</span> <span class='ocrx_word' id='word_1_133' title='bbox 615 2467 681 2511; x_wconf 90' lang='lat' dir='ltr'>non</span> <span class='ocrx_word' id='word_1_134' title='bbox 714 2447 759 2511; x_wconf 91' lang='lat' dir='ltr'>sic</span> <span class='ocrx_word' id='word_1_135' title='bbox 792 2448 966 2532; x_wconf 78' lang='lat' dir='ltr'>privilegiet</span> <span class='ocrx_word' id='word_1_136' title='bbox 997 2448 1108 2531; x_wconf 81' lang='lat' dir='ltr'>locum</span> <span class='ocrx_word' id='word_1_137' title='bbox 1135 2448 1186 2511; x_wconf 89' lang='lat' dir='ltr'>vel</span> <span class='ocrx_word' id='word_1_138' title='bbox 1215 2462 1361 2511; x_wconf 89' lang='lat' dir='ltr'>naturam</span> 
     </span>
     <span class='ocr_line' id='line_1_19' title="bbox 377 2551 1362 2638; baseline 0.001 -23"><span class='ocrx_word' id='word_1_139' title='bbox 377 2553 579 2638; x_wconf 84' lang='lat' dir='ltr'>peccabilem,</span> <span class='ocrx_word' id='word_1_140' title='bbox 611 2551 689 2638; x_wconf 90' lang='lat' dir='ltr'>quin</span> <span class='ocrx_word' id='word_1_141' title='bbox 725 2553 816 2636; x_wconf 90' lang='lat' dir='ltr'>ponit</span> <span class='ocrx_word' id='word_1_142' title='bbox 839 2553 869 2615; x_wconf 92' lang='lat' dir='ltr'>in</span> <span class='ocrx_word' id='word_1_143' title='bbox 890 2553 1031 2616; x_wconf 86' lang='lat' dir='ltr'>libertate</span> <span class='ocrx_word' id='word_1_144' title='bbox 1054 2551 1105 2615; x_wconf 87' lang='lat' dir='ltr'>sui</span> <span class='ocrx_word' id='word_1_145' title='bbox 1127 2552 1245 2616; x_wconf 90' lang='lat' dir='ltr'>arbitrii</span> <span class='ocrx_word' id='word_1_146' title='bbox 1273 2554 1362 2636; x_wconf 90' lang='lat' dir='ltr'>quod</span> 
     </span>
     <span class='ocr_line' id='line_1_20' title="bbox 377 2657 1362 2743; baseline -0.001 -23"><span class='ocrx_word' id='word_1_147' title='bbox 377 2657 478 2743; x_wconf 89' lang='lat' dir='ltr'>possit</span> <span class='ocrx_word' id='word_1_148' title='bbox 500 2658 629 2721; x_wconf 88' lang='lat' dir='ltr'>reddere</span> <span class='ocrx_word' id='word_1_149' title='bbox 651 2678 684 2720; x_wconf 89' lang='lat' dir='ltr'>se</span> <span class='ocrx_word' id='word_1_150' title='bbox 707 2657 873 2743; x_wconf 89' lang='lat' dir='ltr'>indignum</span> <span class='ocrx_word' id='word_1_151' title='bbox 893 2661 933 2721; x_wconf 96' lang='lat' dir='ltr'>ad</span> <span class='ocrx_word' id='word_1_152' title='bbox 961 2657 1204 2743; x_wconf 88' lang='lat' dir='ltr'>percipiendum</span> <span class='ocrx_word' id='word_1_153' title='bbox 1222 2657 1362 2721; x_wconf 89' lang='lat' dir='ltr'>fructum</span> 
     </span>
    </p>

    <p class='ocr_par' dir='ltr' id='par_1_8' title="bbox 171 2761 1394 3265">
     <span class='ocr_line' id='line_1_21' title="bbox 265 2761 1385 2846; baseline 0.002 -22"><span class='ocrx_word' id='word_1_154' title='bbox 265 2819 273 2841; x_wconf 79' lang='grc'><strong><em>,</em></strong></span> <span class='ocrx_word' id='word_1_155' title='bbox 378 2761 530 2846; x_wconf 87' lang='lat' dir='ltr'>privilegii</span> <span class='ocrx_word' id='word_1_156' title='bbox 568 2761 718 2825; x_wconf 87' lang='lat' dir='ltr'>concessi.</span> <span class='ocrx_word' id='word_1_157' title='bbox 757 2763 822 2825; x_wconf 89' lang='lat' dir='ltr'>Nec</span> <span class='ocrx_word' id='word_1_158' title='bbox 858 2763 939 2826; x_wconf 89' lang='lat' dir='ltr'>valet</span> <span class='ocrx_word' id='word_1_159' title='bbox 975 2761 1131 2826; x_wconf 88' lang='lat' dir='ltr'>deduccio</span> <span class='ocrx_word' id='word_1_160' title='bbox 1163 2764 1253 2846; x_wconf 92' lang='lat' dir='ltr'>quod</span> <span class='ocrx_word' id='word_1_161' title='bbox 1285 2775 1385 2826; x_wconf 88' lang='lat' dir='ltr'>tunct</span> 
     </span>
     <span class='ocr_line' id='line_1_22' title="bbox 378 2866 1364 2951; baseline -0.001 -23"><span class='ocrx_word' id='word_1_162' title='bbox 378 2866 534 2930; x_wconf 87' lang='lat' dir='ltr'>iudicium</span> <span class='ocrx_word' id='word_1_163' title='bbox 548 2867 725 2930; x_wconf 89' lang='lat' dir='ltr'>secundum</span> <span class='ocrx_word' id='word_1_164' title='bbox 740 2867 823 2950; x_wconf 89' lang='lat' dir='ltr'>leges</span> <span class='ocrx_word' id='word_1_165' title='bbox 837 2867 992 2930; x_wconf 87' lang='lat' dir='ltr'>humanas</span> <span class='ocrx_word' id='word_1_166' title='bbox 1007 2866 1089 2930; x_wconf 88' lang='lat' dir='ltr'>foret</span> <span class='ocrx_word' id='word_1_167' title='bbox 1110 2886 1184 2951; x_wconf 90' lang='lat' dir='ltr'>sepe</span> <span class='ocrx_word' id='word_1_168' title='bbox 1208 2867 1364 2930; x_wconf 87' lang='lat' dir='ltr'>iniustum</span> 
     </span>
     <span class='ocr_line' id='line_1_23' title="bbox 379 2970 1364 3054; baseline 0.001 -22"><span class='ocrx_word' id='word_1_169' title='bbox 379 2990 455 3034; x_wconf 94' lang='lat' dir='ltr'>cum</span> <span class='ocrx_word' id='word_1_170' title='bbox 488 2991 555 3033; x_wconf 88' lang='lat' dir='ltr'>non</span> <span class='ocrx_word' id='word_1_171' title='bbox 589 2971 758 3034; x_wconf 87' lang='lat' dir='ltr'>attendunt</span> <span class='ocrx_word' id='word_1_172' title='bbox 792 2970 946 3034; x_wconf 87' lang='lat' dir='ltr'>iusticiam</span> <span class='ocrx_word' id='word_1_173' title='bbox 977 2972 1085 3054; x_wconf 89' lang='lat' dir='ltr'>quoad</span> <span class='ocrx_word' id='word_1_174' title='bbox 1109 2971 1229 3035; x_wconf 87' lang='lat' dir='ltr'>Deum:</span> <span class='ocrx_word' id='word_1_175' title='bbox 1253 2991 1364 3034; x_wconf 92' lang='lat' dir='ltr'>verum</span> 
     </span>
     <span class='ocr_line' id='line_1_24' title="bbox 379 3073 1365 3155; baseline 0.002 -20"><span class='ocrx_word' id='word_1_176' title='bbox 379 3073 591 3155; x_wconf 88' lang='lat' dir='ltr'>concluditur,</span> <span class='ocrx_word' id='word_1_177' title='bbox 623 3095 697 3137; x_wconf 91' lang='lat' dir='ltr'>cum</span> <span class='ocrx_word' id='word_1_178' title='bbox 729 3075 833 3137; x_wconf 91' lang='lat' dir='ltr'>solum</span> <span class='ocrx_word' id='word_1_179' title='bbox 864 3075 912 3137; x_wconf 83' lang='lat' dir='ltr'>lex</span> <span class='ocrx_word' id='word_1_180' title='bbox 944 3074 1067 3136; x_wconf 92' lang='lat' dir='ltr'>domini</span> <span class='ocrx_word' id='word_1_181' title='bbox 1091 3090 1137 3137; x_wconf 89' lang='lat' dir='ltr'>est</span> <span class='ocrx_word' id='word_1_182' title='bbox 1161 3075 1365 3138; x_wconf 88' lang='lat' dir='ltr'>immaculata</span> 
     </span>
     <span class='ocr_line' id='line_1_25' title="bbox 171 3178 1394 3265; baseline -0.004 -20"><span class='ocrx_word' id='word_1_183' title='bbox 171 3199 357 3246; x_wconf 64' lang='lat' dir='ltr'>mearum</span> <span class='ocrx_word' id='word_1_184' title='bbox 380 3193 566 3241; x_wconf 88' lang='lat' dir='ltr'>convertens</span> <span class='ocrx_word' id='word_1_185' title='bbox 598 3179 729 3241; x_wconf 89' lang='lat' dir='ltr'>animas.</span> <span class='ocrx_word' id='word_1_186' title='bbox 776 3179 815 3241; x_wconf 90' lang='lat' dir='ltr'>Et</span> <span class='ocrx_word' id='word_1_187' title='bbox 839 3178 880 3242; x_wconf 90' lang='lat' dir='ltr'>ita</span> <span class='ocrx_word' id='word_1_188' title='bbox 903 3179 927 3240; x_wconf 88' lang='lat' dir='ltr'>si</span> <span class='ocrx_word' id='word_1_189' title='bbox 953 3179 1095 3241; x_wconf 90' lang='lat' dir='ltr'>secundo</span> <span class='ocrx_word' id='word_1_190' title='bbox 1118 3179 1255 3243; x_wconf 91' lang='lat' dir='ltr'>obicitur</span> <span class='ocrx_word' id='word_1_191' title='bbox 1277 3181 1394 3265; x_wconf 84' lang='lat' dir='ltr'>quod2</span> 
     </span>
    </p>

    <p class='ocr_par' dir='ltr' id='par_1_9' title="bbox 173 3250 1408 3784">
     <span class='ocr_line' id='line_1_26' title="bbox 173 3250 1408 3369; baseline -0.005 -20"><span class='ocrx_word' id='word_1_192' title='bbox 173 3250 412 3362; x_wconf 51' lang='lat' dir='ltr'>Jiihillh‘l&#39;iidn</span> <span class='ocrx_word' id='word_1_193' title='bbox 447 3282 564 3364; x_wconf 78' lang='lat' dir='ltr'>Anglia</span> <span class='ocrx_word' id='word_1_194' title='bbox 596 3297 671 3346; x_wconf 91' lang='lat' dir='ltr'>sunt</span> <span class='ocrx_word' id='word_1_195' title='bbox 702 3283 802 3345; x_wconf 89' lang='lat' dir='ltr'>multa</span> <span class='ocrx_word' id='word_1_196' title='bbox 834 3282 993 3367; x_wconf 85' lang='lat' dir='ltr'>privilegia</span> <span class='ocrx_word' id='word_1_197' title='bbox 1025 3297 1092 3345; x_wconf 88' lang='lat' dir='ltr'>tam</span> <span class='ocrx_word' id='word_1_198' title='bbox 1125 3283 1245 3367; x_wconf 88' lang='lat' dir='ltr'>iniqua,</span> <span class='ocrx_word' id='word_1_199' title='bbox 1278 3292 1408 3369; x_wconf 70' lang='lat' dir='ltr'>patetis</span> 
     </span>
     <span class='ocr_line' id='line_1_27' title="bbox 197 3361 1365 3471; baseline -0.001 -19"><span class='ocrx_word' id='word_1_200' title='bbox 197 3361 341 3452; x_wconf 50' lang='lat' dir='ltr'>”ivll‘lff</span> <span class='ocrx_word' id='word_1_201' title='bbox 380 3388 468 3470; x_wconf 90' lang='lat' dir='ltr'>quod</span> <span class='ocrx_word' id='word_1_202' title='bbox 491 3387 684 3470; x_wconf 87' lang='lat' dir='ltr'>improbatio</span> <span class='ocrx_word' id='word_1_203' title='bbox 714 3386 808 3449; x_wconf 90' lang='lat' dir='ltr'>huius</span> <span class='ocrx_word' id='word_1_204' title='bbox 840 3386 991 3471; x_wconf 89' lang='lat' dir='ltr'>privilegii</span> <span class='ocrx_word' id='word_1_205' title='bbox 1032 3407 1099 3449; x_wconf 90' lang='lat' dir='ltr'>uon</span> <span class='ocrx_word' id='word_1_206' title='bbox 1136 3388 1273 3452; x_wconf 87' lang='lat' dir='ltr'>solvitur</span> <span class='ocrx_word' id='word_1_207' title='bbox 1312 3389 1365 3451; x_wconf 91' lang='lat' dir='ltr'>sed</span> 
     </span>
     <span class='ocr_line' id='line_1_28' title="bbox 380 3490 1365 3573; baseline 0.004 -21"><span class='ocrx_word' id='word_1_208' title='bbox 380 3504 536 3572; x_wconf 86' lang='lat' dir='ltr'>gravatur,</span> <span class='ocrx_word' id='word_1_209' title='bbox 560 3510 635 3553; x_wconf 87' lang='lat' dir='ltr'>cum</span> <span class='ocrx_word' id='word_1_210' title='bbox 667 3491 872 3573; x_wconf 89' lang='lat' dir='ltr'>multiplicare</span> <span class='ocrx_word' id='word_1_211' title='bbox 895 3490 1122 3554; x_wconf 88' lang='lat' dir='ltr'>inconvenieus</span> <span class='ocrx_word' id='word_1_212' title='bbox 1144 3513 1210 3555; x_wconf 90' lang='lat' dir='ltr'>non</span> <span class='ocrx_word' id='word_1_213' title='bbox 1234 3493 1275 3556; x_wconf 93' lang='lat' dir='ltr'>sit</span> <span class='ocrx_word' id='word_1_214' title='bbox 1302 3494 1365 3557; x_wconf 92' lang='lat' dir='ltr'>sol·</span> 
     </span>
     <span class='ocr_line' id='line_1_29' title="bbox 381 3594 1367 3680; baseline 0.003 -24"><span class='ocrx_word' id='word_1_215' title='bbox 381 3611 467 3676; x_wconf 71' lang='lat' dir='ltr'>vere,</span> <span class='ocrx_word' id='word_1_216' title='bbox 508 3616 621 3680; x_wconf 84' lang='lat' dir='ltr'>ymmo</span> <span class='ocrx_word' id='word_1_217' title='bbox 664 3594 866 3676; x_wconf 79' lang='lat' dir='ltr'>manifestior,</span> <span class='ocrx_word' id='word_1_218' title='bbox 900 3596 1077 3680; x_wconf 87' lang='lat' dir='ltr'>generalior</span> <span class='ocrx_word' id='word_1_219' title='bbox 1118 3612 1148 3662; x_wconf 97' lang='lat' dir='ltr'>et</span> <span class='ocrx_word' id='word_1_220' title='bbox 1192 3596 1367 3661; x_wconf 89' lang='lat' dir='ltr'>contrarior</span> 
     </span>
     <span class='ocr_line' id='line_1_30' title="bbox 382 3697 1368 3784; baseline 0.006 -25"><span class='ocrx_word' id='word_1_221' title='bbox 382 3697 538 3761; x_wconf 90' lang='lat' dir='ltr'>iniusticia</span> <span class='ocrx_word' id='word_1_222' title='bbox 555 3699 669 3779; x_wconf 89' lang='lat' dir='ltr'>verbis,</span> <span class='ocrx_word' id='word_1_223' title='bbox 692 3712 723 3762; x_wconf 92' lang='lat' dir='ltr'>ct</span> <span class='ocrx_word' id='word_1_224' title='bbox 747 3698 914 3762; x_wconf 88' lang='lat' dir='ltr'>intencioni</span> <span class='ocrx_word' id='word_1_225' title='bbox 931 3700 1085 3784; x_wconf 89' lang='lat' dir='ltr'>privilegii</span> <span class='ocrx_word' id='word_1_226' title='bbox 1102 3701 1176 3784; x_wconf 89' lang='lat' dir='ltr'>plus</span> <span class='ocrx_word' id='word_1_227' title='bbox 1192 3702 1368 3765; x_wconf 89' lang='lat' dir='ltr'>dissonaret</span> 
     </span>
    </p>

    <p class='ocr_par' dir='ltr' id='par_1_10' title="bbox 384 3801 1413 3988">
     <span class='ocr_line' id='line_1_31' title="bbox 384 3801 1413 3888; baseline 0.001 -25"><span class='ocrx_word' id='word_1_228' title='bbox 384 3801 428 3863; x_wconf 89' lang='lat' dir='ltr'>illi</span> <span class='ocrx_word' id='word_1_229' title='bbox 463 3802 534 3865; x_wconf 94' lang='lat' dir='ltr'>loco</span> <span class='ocrx_word' id='word_1_230' title='bbox 569 3817 601 3866; x_wconf 89' lang='lat' dir='ltr'>et</span> <span class='ocrx_word' id='word_1_231' title='bbox 632 3803 734 3866; x_wconf 91' lang='lat' dir='ltr'>ordini</span> <span class='ocrx_word' id='word_1_232' title='bbox 768 3823 865 3887; x_wconf 90' lang='lat' dir='ltr'>quam</span> <span class='ocrx_word' id='word_1_233' title='bbox 895 3803 968 3865; x_wconf 89' lang='lat' dir='ltr'>alibi</span> <span class='ocrx_word' id='word_1_234' title='bbox 1001 3804 1032 3866; x_wconf 90' lang='lat' dir='ltr'>in</span> <span class='ocrx_word' id='word_1_235' title='bbox 1066 3806 1180 3888; x_wconf 86' lang='lat' dir='ltr'>hnglia</span> <span class='ocrx_word' id='word_1_236' title='bbox 1209 3806 1242 3869; x_wconf 88' lang='lat' dir='ltr'>in</span> <span class='ocrx_word' id='word_1_237' title='bbox 1270 3811 1413 3870; x_wconf 73' lang='lat' dir='ltr'>manase</span> 
     </span>
     <span class='ocr_line' id='line_1_32' title="bbox 385 3905 1370 3988; baseline 0.005 -21"><span class='ocrx_word' id='word_1_238' title='bbox 385 3905 586 3988; x_wconf 88' lang='lat' dir='ltr'>secularium,</span> <span class='ocrx_word' id='word_1_239' title='bbox 620 3905 673 3970; x_wconf 95' lang='lat' dir='ltr'>ubi</span> <span class='ocrx_word' id='word_1_240' title='bbox 705 3908 916 3970; x_wconf 88' lang='lat' dir='ltr'>communiter</span> <span class='ocrx_word' id='word_1_241' title='bbox 947 3927 1013 3970; x_wconf 91' lang='lat' dir='ltr'>non</span> <span class='ocrx_word' id='word_1_242' title='bbox 1053 3920 1142 3971; x_wconf 89' lang='lat' dir='ltr'>tanta</span> <span class='ocrx_word' id='word_1_243' title='bbox 1175 3908 1289 3972; x_wconf 87' lang='lat' dir='ltr'>iniuria</span> <span class='ocrx_word' id='word_1_244' title='bbox 1322 3923 1370 3973; x_wconf 91' lang='lat' dir='ltr'>est</span> 
     </span>
    </p>

    <p class='ocr_par' dir='ltr' id='par_1_11' title="bbox 385 4008 566 4074">
     <span class='ocr_line' id='line_1_33' title="bbox 385 4008 566 4074; baseline 0.011 -2"><span class='ocrx_word' id='word_1_245' title='bbox 385 4008 566 4074; x_wconf 82' lang='lat' dir='ltr'>commissa.</span> 
     </span>
    </p>
   </div>
   <div class='ocr_carea' id='block_1_3' title="bbox 188 4111 1410 4222">
    <p class='ocr_par' dir='ltr' id='par_1_12' title="bbox 188 4111 1410 4222">
     <span class='ocr_line' id='line_1_34' title="bbox 188 4111 1410 4222; baseline 0.01 -55"><span class='ocrx_word' id='word_1_246' title='bbox 188 4111 363 4222; x_wconf 37' lang='lat' dir='ltr'>&amp;mg</span> <span class='ocrx_word' id='word_1_247' title='bbox 431 4114 554 4190; x_wconf 85' lang='lat' dir='ltr'>Quarto</span> <span class='ocrx_word' id='word_1_248' title='bbox 584 4113 796 4197; x_wconf 86' lang='lat' dir='ltr'>principaliter</span> <span class='ocrx_word' id='word_1_249' title='bbox 824 4114 964 4179; x_wconf 89' lang='lat' dir='ltr'>obiciunt</span> <span class='ocrx_word' id='word_1_250' title='bbox 991 4129 1059 4178; x_wconf 88' lang='lat' dir='ltr'>tam</span> <span class='ocrx_word' id='word_1_251' title='bbox 1087 4114 1243 4179; x_wconf 90' lang='lat' dir='ltr'>scolastici</span> <span class='ocrx_word' id='word_1_252' title='bbox 1272 4119 1410 4201; x_wconf 82' lang='lat' dir='ltr'>quamK</span> 
     </span>
    </p>
   </div>
   <div class='ocr_carea' id='block_1_4' title="bbox 386 4218 1369 4304">
    <p class='ocr_par' dir='ltr' id='par_1_13' title="bbox 386 4218 1369 4304">
     <span class='ocr_line' id='line_1_35' title="bbox 386 4218 1369 4304; baseline 0.003 -26"><span class='ocrx_word' id='word_1_253' title='bbox 386 4218 544 4300; x_wconf 88' lang='lat' dir='ltr'>vulgares:</span> <span class='ocrx_word' id='word_1_254' title='bbox 561 4218 665 4299; x_wconf 88' lang='lat' dir='ltr'>Multi,</span> <span class='ocrx_word' id='word_1_255' title='bbox 688 4219 846 4302; x_wconf 91' lang='lat' dir='ltr'>inquiunt,</span> <span class='ocrx_word' id='word_1_256' title='bbox 860 4219 957 4283; x_wconf 89' lang='lat' dir='ltr'>sancti</span> <span class='ocrx_word' id='word_1_257' title='bbox 978 4240 1076 4303; x_wconf 88' lang='lat' dir='ltr'>reges,</span> <span class='ocrx_word' id='word_1_258' title='bbox 1093 4219 1248 4304; x_wconf 88' lang='lat' dir='ltr'>episcopi,</span> <span class='ocrx_word' id='word_1_259' title='bbox 1265 4218 1369 4283; x_wconf 89' lang='lat' dir='ltr'>clerici</span> 
     </span>
    </p>
   </div>
   <div class='ocr_carea' id='block_1_5' title="bbox 386 4400 1372 4600">
    <p class='ocr_par' dir='ltr' id='par_1_14' title="bbox 386 4400 1372 4600">
     <span class='ocr_line' id='line_1_36' title="bbox 428 4400 1372 4461; baseline 0.003 -14"><span class='ocrx_word' id='word_1_260' title='bbox 428 4414 444 4447; x_wconf 86' lang='lat' dir='ltr'>r.</span> <span class='ocrx_word' id='word_1_261' title='bbox 458 4403 481 4447; x_wconf 81' lang='grc' dir='ltr'><strong>Α</strong></span> <span class='ocrx_word' id='word_1_262' title='bbox 493 4403 537 4458; x_wconf 60' lang='lat' dir='ltr'>ap</span> <span class='ocrx_word' id='word_1_263' title='bbox 554 4411 577 4448; x_wconf 80' lang='lat' dir='ltr'>et</span> <span class='ocrx_word' id='word_1_264' title='bbox 595 4403 724 4448; x_wconf 81' lang='lat' dir='ltr'>eeclonenr.</span> <span class='ocrx_word' id='word_1_265' title='bbox 830 4403 852 4450; x_wconf 83' lang='lat'>⁶.</span> <span class='ocrx_word' id='word_1_266' title='bbox 866 4406 887 4449; x_wconf 89' lang='grc' dir='ltr'><strong>Α</strong></span> <span class='ocrx_word' id='word_1_267' title='bbox 900 4405 945 4460; x_wconf 49' lang='lat' dir='ltr'>Aa</span> <span class='ocrx_word' id='word_1_268' title='bbox 964 4403 1012 4450; x_wconf 84' lang='lat' dir='ltr'>sive</span> <span class='ocrx_word' id='word_1_269' title='bbox 1030 4403 1103 4450; x_wconf 86' lang='lat' dir='ltr'>faerit</span> <span class='ocrx_word' id='word_1_270' title='bbox 1121 4404 1208 4461; x_wconf 73' lang='lat' dir='ltr'>dlenus</span> <span class='ocrx_word' id='word_1_271' title='bbox 1226 4403 1276 4449; x_wconf 84' lang='lat' dir='ltr'>slve</span> <span class='ocrx_word' id='word_1_272' title='bbox 1294 4400 1372 4450; x_wconf 81' lang='lat' dir='ltr'>faerlt.</span> 
     </span>
     <span class='ocr_line' id='line_1_37' title="bbox 387 4469 1371 4531; baseline 0.004 -17"><span class='ocrx_word' id='word_1_273' title='bbox 387 4470 417 4515; x_wconf 74' lang='lat'>13.</span> <span class='ocrx_word' id='word_1_274' title='bbox 434 4470 454 4514; x_wconf 80' lang='grc' dir='ltr'><strong>Α</strong></span> <span class='ocrx_word' id='word_1_275' title='bbox 469 4472 512 4526; x_wconf 52' lang='lat' dir='ltr'>Ast</span> <span class='ocrx_word' id='word_1_276' title='bbox 529 4472 590 4516; x_wconf 79' lang='lat' dir='ltr'>Dato</span> <span class='ocrx_word' id='word_1_277' title='bbox 607 4472 705 4530; x_wconf 80' lang='lat' dir='ltr'>premio.</span> <span class='ocrx_word' id='word_1_278' title='bbox 764 4472 795 4519; x_wconf 71' lang='lat' dir='ltr'>al.</span> <span class='ocrx_word' id='word_1_279' title='bbox 810 4474 846 4519; x_wconf 77' lang='lat'>2⁶.</span> <span class='ocrx_word' id='word_1_280' title='bbox 860 4476 893 4518; x_wconf 76' lang='lat' dir='ltr'>A:</span> <span class='ocrx_word' id='word_1_281' title='bbox 912 4472 1090 4531; x_wconf 74' lang='lat' dir='ltr'>pravilegle...</span> <span class='ocrx_word' id='word_1_282' title='bbox 1105 4472 1235 4531; x_wconf 75' lang='lat' dir='ltr'>prevllegll.</span> <span class='ocrx_word' id='word_1_283' title='bbox 1302 4469 1335 4519; x_wconf 72' lang='grc'>33.</span> <span class='ocrx_word' id='word_1_284' title='bbox 1350 4473 1371 4518; x_wconf 82' lang='grc' dir='ltr'><strong>Α</strong></span> 
     </span>
     <span class='ocr_line' id='line_1_38' title="bbox 386 4538 854 4600; baseline 0.009 -16"><span class='ocrx_word' id='word_1_285' title='bbox 386 4538 411 4584; x_wconf 81' lang='lat' dir='ltr'>le</span> <span class='ocrx_word' id='word_1_286' title='bbox 430 4550 517 4596; x_wconf 63' lang='lat' dir='ltr'>marn·</span> <span class='ocrx_word' id='word_1_287' title='bbox 532 4539 621 4587; x_wconf 76' lang='lat' dir='ltr'>eontra</span> <span class='ocrx_word' id='word_1_288' title='bbox 635 4540 724 4600; x_wconf 81' lang='lat' dir='ltr'>Quem</span> <span class='ocrx_word' id='word_1_289' title='bbox 738 4542 854 4589; x_wconf 82' lang='lat' dir='ltr'>obleeele.</span> 
     </span>
    </p>
   </div>
   <div class='ocr_carea' id='block_1_6' title="bbox 0 0 1660 5226">
    <p class='ocr_par' dir='ltr' id='par_1_15' title="bbox 0 0 1660 5226">
     <span class='ocr_line' id='line_1_39' title="bbox 0 0 1660 5226; baseline 0 0"><span class='ocrx_word' id='word_1_290' title='bbox 0 0 1660 5226; x_wconf 95' lang='lat' dir='ltr'> </span> 
     </span>
    </p>
   </div>
  </div>
 </body>
</html>
