3262 5226
207 360 277 406 car.
293 340 368 431 xiv]
522 389 527 399 .
580 357 625 408 us
644 357 822 409 accessit.

94 540 119 593 ἰ’
140 537 199 608 ¹74⁸
207 519 325 601 Deum,
348 518 404 581 sed
433 539 497 579 non
520 530 647 599 oportet
669 517 694 579 si
717 512 953 579 confimraverit
976 512 1203 596 imperatorem

209 626 296 710 quod
319 624 388 707 ipse
410 621 449 686 sit
472 620 680 684 excellencius
703 620 888 704 imperator,
919 617 996 703 quia
1017 631 1095 681 tunc
1122 616 1205 682 loret

209 729 398 812 coniugatus
421 739 451 789 et
472 725 581 788 omnis
603 723 732 789 ordinis.
767 722 857 786 Sicut
880 743 957 805 ergo
980 721 1067 784 Deus
1098 735 1204 805 potest

209 830 351 896 conferre
368 829 454 892 alteri
470 827 772 892 denominationem
788 841 936 908 creatam,
951 826 1024 890 licet
1039 826 1072 888 in
1088 846 1120 888 se
1136 846 1203 890 non

142 958 200 1020 ¹74⁴
209 936 322 998 habeat
358 932 439 996 hanc
453 933 472 970 ³
488 932 538 995 vel
570 933 676 1014 talem,
708 932 763 996 sed
795 931 891 995 habet
921 929 955 993 in
987 950 1021 994 se
1053 928 1204 994 virtutem

210 1038 477 1118 excellenciorem,
501 1036 546 1101 sic
569 1049 616 1101 est
638 1037 677 1101 de
699 1034 867 1121 prepositis
887 1033 1026 1099 ecclesie.
1050 1035 1117 1098 Nec
1131 1055 1203 1098 mo·

210 1157 262 1206 vet
283 1140 498 1206 consideratio
521 1142 560 1206 de
587 1143 738 1224 monade,
760 1143 836 1228 quia
869 1141 957 1204 solus
980 1138 1126 1206 Christus
1156 1155 1204 1206 est

211 1261 308 1330 caput
323 1244 507 1309 universalis
522 1246 661 1330 ecclesie,
677 1247 820 1311 sanccior
834 1246 867 1310 in
883 1247 967 1309 clero
979 1244 1147 1326 militante,
1162 1245 1202 1309 ad

211 1350 302 1415 cuius
326 1352 477 1414 ducatum
501 1349 604 1414 maior
625 1373 698 1434 pars
721 1351 886 1415 militantis
908 1349 1038 1415 ecclesie
1061 1349 1204 1416 ambulat

171 1458 276 1521 rovias
292 1454 426 1536 domini,
445 1469 493 1519 est
513 1470 609 1539 caput
631 1455 797 1520 militantis
813 1455 941 1519 ecclesie
963 1455 1072 1540 quoad
1087 1454 1202 1521 Deum.

174 1574 201 1626 v
254 1560 316 1625 Sed
354 1561 405 1623 ille
442 1559 474 1622 in
513 1580 611 1644 quem
653 1552 793 1623 militans
839 1559 969 1624 ecclesia
1009 1558 1203 1624 consenserit
1231 1565 1385 1628 ,Pomm

211 1681 246 1729 ut
269 1666 436 1749 primatem
459 1677 506 1727 est
529 1677 624 1748 capm
647 1663 812 1728 militantis
836 1663 964 1728 ecclesie
980 1663 1089 1748 quoad
1107 1685 1201 1729 mun·
1211 1617 1429 1732 6ξὲᾞὶῗὸ

211 1771 299 1834 dum.
337 1769 371 1832 ln
395 1767 457 1831 alio
479 1781 589 1831 autem
614 1789 728 1853 genere
759 1769 914 1853 primatus
943 1782 991 1833 est
1021 1767 1203 1853 imperator,
1217 1720 1426 1832 mitriim

211 1872 308 1936 etsie
338 1887 404 1936 tam
431 1892 514 1955 papa
537 1892 635 1956 quam
658 1871 832 1956 imperator
856 1886 990 1958 uterque
1013 1872 1100 1937 alteri
1126 1873 1201 1937 sub·

172 1977 322 2057 isiectas,
360 1975 414 2038 sed
445 1996 529 2059 papa
559 1975 742 2060 simpliciter
772 1976 916 2061 superior
950 1976 974 2040 si
1007 1998 1074 2042 non
1105 1991 1204 2062 ponat

212 2079 499 2143 contradiccionem
523 2079 555 2143 in
580 2080 719 2149 nomine.
744 2083 785 2145 Et
800 2081 882 2146 sicut
904 2082 1033 2145 materia
1049 2081 1151 2167 prima
1172 2096 1204 2147 et

211 2184 314 2248 lormn
345 2197 420 2248 suut
453 2184 519 2247 duo
551 2205 665 2269 genera
697 2205 866 2249 causarum
894 2205 1033 2271 quarum
1059 2199 1107 2252 est
1129 2188 1203 2253 dare

210 2288 376 2353 materiam
403 2308 532 2352 causam
560 2290 697 2373 primam
725 2290 757 2353 in
781 2311 842 2353 suo
864 2311 989 2374 genere,
1012 2305 1044 2354 et
1066 2291 1202 2357 formam

211 2413 337 2456 causam
365 2392 502 2476 primam
525 2392 558 2456 in
581 2415 640 2458 suo
668 2416 793 2478 genere,
821 2409 852 2458 et
878 2395 1039 2459 mundum
1061 2395 1203 2480 primum

168 2517 248 2566 aoex
276 2496 320 2560 eis
343 2497 561 2582 compositum
584 2514 721 2585 utroque
748 2520 863 2580 genere
885 2499 1132 2584 perlecciouum,
1157 2502 1202 2568 sie

211 2601 312 2665 estin
337 2602 518 2667 elementari
543 2604 781 2688 composicione
805 2603 972 2669 militantis
995 2604 1134 2671 ecclesie.

254 2707 347 2770 Unde
378 2707 460 2771 absit
482 2705 609 2770 lidelem
631 2708 756 2769 credere
786 2707 875 2789 quod
898 2707 1033 2792 quilibet
1054 2710 1201 2776 sacerdos
1224 2726 1365 2788 accoron,
1379 2737 1406 2776 ιο

210 2809 326 2874 Christi
350 2810 398 2896 (in
413 2825 572 2895 quantum
587 2807 787 2897 huiusmodi)
810 2809 851 2874 sit
874 2813 1020 2896 superior
1042 2812 1074 2876 in
1097 2815 1200 2880 domi·
1209 2776 1328 2876 iiiiii
1328 2783 1424 2893 21¹3?

210 2915 343 2979 nacione
366 2914 447 2978 civili
468 2934 566 2999 quam
588 2911 703 2996 aliquis
725 2932 779 2976 rex
801 2914 851 2976 vel
875 2916 1027 2981 dominus
1043 2919 1201 3003 secularis,
1210 2895 1290 2980 willa
1321 2886 1422 2997 ”diis

165 3038 198 3091 25
210 3033 245 3083 ut
281 3019 356 3085 dicit
388 3019 501 3082 doctor
531 3015 700 3102 predictas.
738 3016 770 3081 Si
808 3032 915 3082 tamen
953 3042 1038 3106 papa
1074 2986 1420 3090 humamanam„

208 3124 467 3189 dominacionem
488 3122 578 3185 illam
600 3120 784 3187 immediate
807 3145 825 3186 a
849 3124 979 3190 Christo
1010 3139 1042 3190 et
1065 3147 1132 3190 non
1164 3148 1201 3192 ex

209 3229 303 3294 titulo
336 3227 508 3293 elemosine
542 3226 665 3309 cesaris,
703 3248 769 3291 non
797 3227 896 3291 ‘mdeo
928 3229 1007 3314 quin
1039 3246 1202 3316 oporteret

211 3334 384 3398 concedere
414 3333 502 3417 quod
543 3353 624 3416 papa
665 3346 696 3396 et
727 3348 834 3398 totum
865 3355 967 3419 genus
998 3337 1201 3402 sacerdotum

211 3438 430 3502 dominaretur
451 3437 632 3501 seculariter
653 3457 749 3522 super
764 3438 908 3524 singulos
931 3459 1020 3523 reges
1044 3453 1135 3522 terre,
1156 3440 1201 3506 ita

166 3545 298 3629 eoquod
320 3541 402 3605 sicut
423 3542 563 3626 quelibet
578 3541 758 3626 superficies
782 3543 896 3607 dicitur
911 3542 1073 3608 infinitum
1097 3545 1200 3610 maior

209 3668 308 3732 quam
331 3645 424 3727 linea,
452 3644 497 3709 sic
519 3646 659 3731 quelibet
681 3646 852 3709 sacerdotis
885 3646 1069 3712 dominacio
1100 3648 1200 3713 civilis

178 3729 183 3739 ⁵
209 3751 289 3814 loret
304 3747 464 3812 inlinitum
487 3748 591 3813 maior
605 3770 702 3835 quam
725 3750 832 3834 aliqua
848 3750 1031 3815 dominacio
1047 3752 1198 3838 principis
1257 3744 1262 3756 ⁹

208 3853 365 3918 secularis.
394 3853 435 3916 Et
456 3866 562 3938 potest
583 3852 646 3918 hoc
669 3852 860 3935 confirmari,
891 3873 966 3917 cum
989 3856 1137 3921 sacerdos
1167 3869 1198 3922 et

246 4074 270 4121 6.
284 4075 332 4126 ΑΒ
341 4075 365 4121 ln
377 4086 464 4132 marat
472 4072 535 4120 rra·
546 4075 575 4120 de
585 4073 670 4132 trlpliel
679 4074 765 4131 capite.
846 4086 866 4131 7.
882 4073 994 4133 monade,
1004 4073 1028 4119 ld
1038 4082 1087 4121 ests
1101 4077 1197 4123 nnltate.

207 4144 291 4192 tallia
300 4143 459 4203 marzaliam
468 4145 529 4191 bene
538 4152 608 4202 capnt
618 4144 715 4191 ecclesie
724 4143 853 4190 nallltnntln.
934 4144 1197 4203 radlnrnrraslints

207 4215 327 4270 quomedo
336 4214 451 4267 cbristus,
460 4214 651 4272 quomodnpnpa
659 4221 680 4259 et
687 4214 809 4272 quomodo
819 4213 950 4272 imperator
956 4215 1093 4273 sunteapita
1099 4215 1197 4263 ecclesie

207 4284 299 4337 (Abora
309 4295 359 4344 ¹74⁸
372 4285 469 4332 without
477 4286 545 4332 rnnrls
553 4285 581 4331 ol
587 4285 722 4341 reference).
780 4282 814 4331 ³3.
824 4283 846 4330 Α
856 4285 880 4330 ln
895 4297 984 4343 marat
997 4283 1059 4332 Nota
1069 4283 1196 4332 racionem.
