3262 5226
153 436 414 583 ,ψ’

210 658 324 707 (ἔκαιε

301 712 342 759 the

174 714 355 829 deltos

172 1492 361 1607 mai

170 2326 357 2428 ..illm

171 2432 357 2533 eume·

156 2537 216 2584 leisc
229 2538 364 2597 elumen

166 2590 214 2637 end
225 2599 318 2637 restore
329 2598 356 2637 to

156 2706 166 2731 Ι
184 2645 224 2689 tlte
237 2642 341 2690 Churcln

694 488 864 547 sostenen
880 488 1033 546 wrcen.
1205 467 1289 564 [ω.
1303 484 1358 534 xv-

377 664 551 735 regnorum
570 658 604 711 et
623 646 664 711 de
684 644 835 711 dominiis
856 643 1033 711 slienorum
1057 664 1177 733 regum*
1191 644 1273 712 infre
1299 646 1361 710 elis
1373 661 1474 733 qun

376 770 475 837 regne
499 748 666 815 contentis.
695 746 758 815 Sed
792 765 830 817 ut
858 749 1075 832 meminerunt
1095 749 1257 817 recentius
1284 751 1361 816 iuris

376 854 469 942 regis,
499 866 667 941 optentum
695 866 743 921 est
767 854 934 941 privilegio
960 848 1229 941 laudabili'regni
1260 855 1362 921 nostri
1476 866 1483 883 “

376 960 465 1046 quod
486 958 520 1024 in
542 956 697 1025 morn'bus
719 958 898 1025 multorum
918 960 1121 1027 secerdotum
1145 958 1201 1046 qui
1225 960 1265 1024 de
1287 979 1362 1047 rege

375 1077 486 1131 tenent
513 1063 547 1129 in
580 1062 676 1129 feodo
705 1062 892 1149 temporalis
933 1064 1048 1129 cedent
1080 1064 1155 1150 regi.
1203 1064 1296 1131 Unde
1322 1082 1386 1136 ess

374 1167 444 1235 iure
465 1181 648 1254 potronatus
669 1166 791 1233 confert
816 1165 967 1234 beneficio
994 1168 1123 1234 interim
1146 1168 1306 1253 seconcia,
1329 1183 1361 1235 et

374 1273 541 1339 licencisto
562 1272 703 1360 capitulo
733 1273 773 1337 sd
802 1292 922 1338 novem
952 1272 1147 1338 eleccionem
1178 1288 1361 1359 presentato

374 1377 433 1443 sibi
445 1378 556 1461 'electo
577 1376 733 1464 approbet
754 1376 803 1441 sel
824 1376 973 1462 reprobet
995 1377 1078 1444 sicut
1107 1379 1223 1464 plncet.
1266 1378 1360 1444 Unde

374 1503 450 1548 cum
471 1502 526 1547 rex
546 1495 650 1567 preter
668 1480 744 1547 istus
774 1479 906 1567 regulins
936 1479 1040 1547 uuiert
1069 1502 1145 1567 sepe
1172 1482 1360 1568 temporsiie

374 1608 394 1651 s
408 1586 554 1674 capitulis
567 1585 666 1653 eciem
685 1584 801 1670 invitis,
812 1584 864 1650 sel
877 1599 1005 1671 oportet
1022 1584 1126 1652 dicere
1145 1589 1235 1673 quod
1249 1587 1360 1652 omnis
1371 1619 1404 1659 ω

374 1690 435 1757 iste
455 1690 529 1759 licet
548 1689 606 1756 sibi
628 1688 730 1756 iecere
749 1689 801 1754 rel
821 1688 848 1755 si
871 1708 939 1754 non
958 1680 1065 1774 potest
1085 1705 1163 1758 tunc
1178 1712 1254 1756 cum
1275 1689 1360 1758 lucto

375 1794 457 1861 locet
477 1794 642 1879 hereticus,
663 1808 695 1861 et
715 1814 773 1879 per
787 1814 987 1880 consequent
1008 1794 1052 1860 iili
1074 1816 1114 1860 ex
1133 1796 1260 1861 vecordi
1282 1795 1360 1862 tuci·

374 1900 523 1965 turnitste
544 1913 576 1965 et
597 1896 817 1983 redempcione
847 1897 1159 1985 temporaliumque
1188 1900 1362 1986 capitaliter

373 2017 525 2090 tenerent,
544 2006 584 2069 de
603 2016 692 2069 tento
710 2002 837 2069 heretici
852 2000 956 2070 lorent
976 2002 1093 2069 heresis
1108 2025 1167 2069 sue
1181 2004 1359 2090 participes.

373 2110 442 2176 Cur
471 2130 547 2194 ergo
577 2128 614 2173 es
645 2107 853 2173 fundamento
886 2107 1040 2192 scripture
1074 2129 1161 2173 sucre
1196 2111 1246 2173 vel
1282 2109 1360 2173 iuris
1374 2127 1403 2182 ,5

373 2214 517 2280 canonici
539 2214 601 2279 hoc
622 2232 687 2277 non
710 2206 844 2277 docent?
1398 2276 1407 2284 .

418 2318 533 2385 Tercio
567 2316 779 2404 principaliter
808 2315 949 2403 arguitur
985 2317 1025 2381 de
1064 2319 1135 2404 lege
1174 2318 1232 2383 Dei
1263 2332 1385 2405 utque1

374 2423 503 2489 ecclesie
528 2424 615 2510 quod
641 2442 693 2487 res
719 2422 813 2486 debet
833 2421 865 2485 in
888 2442 964 2488 cusu
986 2423 1168 2489 subtrahere
1191 2418 1265 2489 suns
1295 2424 1359 2488 ele·

373 2528 513 2593 mosinus
533 2549 552 2591 s
575 2526 797 2594 nominetenus
818 2525 938 2591 clericis
952 2541 984 2592 et
998 2528 1162 2595 restituere
1177 2550 1230 2594 ees
1251 2543 1359 2595 sancte

373 2631 467 2697 muni
481 2631 616 2699 ecclesie.
637 2634 720 2697 Num
740 2630 803 2697 lroc
826 2629 906 2695 toret
927 2631 1204 2716 complementum
1224 2633 1359 2717 iusticie,
1369 2667 1403 2705 20

371 2736 560 2820 prodesscns
574 2736 757 2801 omnnem
771 2734 1004 2821 omniquuque3
1018 2756 1093 2802 cum
1103 2757 1181 2825 ergo
1195 2738 1236 2802 sd
1251 2759 1358 2824 regem

372 2839 510 2906 maxime
531 2839 666 2926 pertinet
688 2838 788 2904 fecere
802 2838 961 2904 iusticiam
975 2839 1008 2903 in
1023 2841 1118 2906 rebus
1133 2840 1283 2907 subiectis
1297 2863 1360 2908 suo

374 2942 531 3027 dominio,
564 2944 708 3031 sequitur
740 2944 827 3031 quod
862 2943 903 3007 ud
944 2963 1052 3027 regem
1091 2945 1360 3030 pertinentissime

372 3062 491 3131 spectet
514 3049 784 3134 complementum
808 3047 878 3112 tulis
899 3047 1033 3132 justicie.
1057 3050 1256 3114 Antecedcns
1272 3064 1360 3135 putet

371 3172 410 3216 ex
441 3152 502 3217 hoc
531 3153 619 3238 quod
651 3153 755 3217 omnis
786 3151 829 3216 sic
859 3152 1235 3236 pertinaciter*abutens
1265 3154 1430 3244 bonis175·

372 3256 499 3321 ecclesie
521 3273 567 3321 est
588 3256 741 3322 hereticus
765 3255 816 3344 (ut
837 3269 924 3340 petet
946 3256 978 3320 in
1001 3254 1066 3321 fine
1080 3253 1162 3322 xlw
1185 3254 1279 3345 cup).
1296 3259 1358 3322 Sed

372 3380 448 3424 cum
479 3361 584 3425 omnis
613 3361 768 3426 hereticus
799 3360 915 3424 iniuste
952 3382 1114 3446 occupans
1154 3363 1238 3427 bons
1270 3362 1358 3448 regni

372 3466 470 3530 nostri
493 3481 539 3531 est
561 3466 754 3551 spoliandus,
777 3479 809 3530 ct
830 3465 915 3529 bone
939 3465 1133 3531 restituenda
1148 3465 1229 3531 veris
1252 3467 1358 3531 domi·

371 3568 432 3652 nis,
453 3570 575 3635 videtur
596 3572 683 3656 quod
706 3572 792 3634 bone
819 3568 871 3634 illu
894 3569 1012 3655 quibus
1035 3591 1087 3635 res
1109 3584 1177 3635 tsm
1200 3570 1358 3656 principe·

370 3673 441 3738 liter
463 3675 654 3759 dominetur,
673 3689 748 3740 sunt
769 3695 826 3759 per
847 3693 955 3758 regem
977 3674 1182 3740 confiscanda
1215 3691 1246 3741 et
1276 3674 1403 3747 veris30
1437 3718 1443 3731 ·

370 3778 508 3843 dominis
523 3780 723 3860 restituenda,
745 3778 920 3864 specialiter
935 3780 966 3844 in
983 3794 1048 3845 tum
1064 3781 1217 3866 pertinaci
1239 3780 1359 3844 desidie

370 3882 541 3968 spiritualis
563 3884 723 3968 prepositi.
755 3885 820 3949 Nec
844 3884 928 3949 velet
950 3885 1053 3950 dicere
1075 3886 1165 3972 quod
1188 3885 1229 3948 ed
1250 3906 1359 3969 regem

371 4007 437 4052 non
461 3989 593 4073 pertinet
607 4008 798 4072 cognoscere
814 4010 910 4073 super
930 3990 1067 4117 heretipu
1090 3990 1258 4076 pruritute3
1281 3989 1359 4075 quin

410 4291 432 4336 7.
451 4279 481 4325 ne
499 4279 591 4326 licente.
697 4291 729 4335 ιφ
749 4279 777 4327 lis
801 4280 830 4326 de
843 4287 908 4326 tento
924 4280 1037 4327 herulos.
1143 4292 1177 4341 ις.
1196 4282 1220 4328 Α
1232 4281 1256 4328 ln
1270 4293 1358 4340 msrpr

370 4343 539 4394 Terelsrseio.
617 4359 649 4395 ss.
662 4350 693 4397 lis
707 4350 851 4408 omntqmm.
931 4350 968 4396 so.
982 4349 1102 4398 nsxxlt.
1112 4362 1177 4410 cup„
1185 4351 1285 4399 correxit
1294 4350 1357 4398 xiil.

369 4416 417 4474 Δρ
429 4415 501 4463 xxll.
607 4418 641 4465 le.
656 4418 678 4464 Α
691 4416 715 4464 lu
729 4430 817 4477 murus
831 4418 920 4466 Plocio.
1053 4452 1056 4457 ,
