3262 5226
402 378 471 425 car.
481 356 556 451 urit]
778 376 824 429 ott
842 374 1021 429 eccum

289 558 314 610 'r
332 554 391 609 153·
402 536 546 602 instruxit
602 533 826 617 coapostolum
869 532 1094 617 'l'hpmoteum
1141 532 1168 596 1·
1211 530 1389 616 Tlrymotei

401 644 468 721 V10,
491 644 526 705 8:
549 640 718 703 Habentes
739 657 821 723 ergo
844 638 1000 701 alinreuta
1031 648 1062 701 et
1090 637 1209 721 quibus
1232 647 1389 722 tegamur

370 749 462 816 atriis
476 746 617 810 corrtauti
630 743 758 808 simus?
779 741 947 827 Numquid
963 755 1009 806 est
1028 742 1223 807 contrarium
1241 741 1291 806 isti
1306 762 1385 806 con·

400 850 535 914 tencioni
559 848 688 933 aspirari
705 847 881 912 inordinate
903 848 944 909 ad
967 847 1152 911 habendum
1175 862 1329 932 perpetuo
1352 862 1387 913 et

375 953 655 1026 sindissotuuittur
676 952 912 1038 quantumlibet
934 951 1113 1016 seculariter
1135 947 1335 1016 dominium?

363 1076 391 1127 v
444 1063 558 1124 Nonne
581 1058 656 1122 dicit
678 1060 788 1122 beatus
812 1055 985 1141 Gregorius
1007 1055 1058 1142 (ut
1080 1054 1206 1120 recitavi
1229 1056 1386 1141 superius,
1421 1067 1589 1167 opprima

402 1166 458 1230 lll⁰
480 1162 564 1248 cap.)
587 1164 676 1248 quod
699 1163 793 1226 labor
816 1163 976 1247 querendi
996 1171 1029 1226 et
1051 1159 1249 1245 deiertdeudi
1265 1171 1386 1245 tempo·
1473 1134 1562 1182 ψ’

399 1272 484 1334 ralia
507 1280 536 1332 et
558 1269 653 1331 dolor
676 1268 844 1331 auritteudi
864 1268 991 1348 eodem,
1021 1266 1053 1330 si
1083 1277 1219 1349 superat
1240 1265 1384 1331 laborem

398 1388 427 1439 et
444 1375 588 1438 dolorem
604 1374 693 1435 circa
714 1373 798 1435 boun
820 1371 1009 1454 spiritualia
1026 1372 1151 1456 quesita
1174 1371 1228 1434 uel
1243 1370 1385 1455 perdita,

359 1481 520 1544 uindicat
546 1490 753 1542 terrenorum
779 1476 991 1561 offersionem
1015 1477 1202 1541 inordinate
1224 1479 1257 1540 iu
1273 1478 1386 1543 auimo

392 1578 578 1668 presidere?
594 1583 709 1645 Nonne
730 1582 842 1644 beatus
857 1580 1056 1665 Augustinus
1079 1580 1111 1643 in
1133 1580 1214 1643 libro
1234 1582 1281 1645 De
1303 1583 1440 1653 Verane
1461 1611 1609 1668 nunaunt.

397 1688 570 1771 Religione,
582 1685 684 1749 XCll⁰
696 1708 775 1770 cap„
785 1686 860 1751 dicit
869 1682 973 1750 idem?
984 1685 1044 1751 Ubi
1054 1698 1228 1770 postquam
1236 1687 1383 1751 ostende·

398 1808 444 1856 rat
458 1791 536 1877 quid
559 1804 605 1854 est
626 1791 774 1854 adherere
789 1791 859 1855 Deo
882 1805 913 1854 et
935 1791 1052 1876 quibus
1070 1789 1202 1875 profluit
1216 1790 1383 1858 affluencia

398 1895 621 1980 temporalium
637 1911 707 1975 ete,
724 1897 909 1980 respondet:
929 1898 1019 1978 Crem,
1042 1895 1157 1981 inquit,
1180 1897 1382 1961 mutabilium

358 2014 386 2064 15
397 2003 552 2064 bonorum
570 2001 662 2064 adest
676 2002 779 2083 copia,
790 2021 854 2064 uon
870 2004 918 2065 eis
933 2001 1076 2086 confidit,
1091 2000 1150 2065 sed
1165 2020 1237 2064 cum
1252 2002 1380 2066 subtra-

397 2108 530 2186 lruutur,
569 2107 717 2191 agnoscit
755 2117 866 2170 utrum
905 2128 978 2171 eum
1012 2127 1077 2170 nou
1109 2106 1264 2190 ceperint,
1302 2112 1380 2192 quio

392 2214 587 2294 plerruuque
609 2232 681 2274 curu
706 2223 819 2276 assunt
841 2212 946 2295 uobis,
965 2223 1123 2295 putamus
1145 2210 1233 2296 quod
1253 2232 1318 2275 nou
1340 2234 1383 2277 ea

396 2317 577 2401 diligimus,
608 2317 667 2381 sed
697 2337 769 2380 cum
799 2318 913 2381 abesse
941 2319 1097 2400 ceperint,
1121 2318 1303 2382 invenimus
1323 2320 1382 2402 qui

396 2425 515 2498 siurus‚·
538 2422 597 2484 ltoc
620 2424 705 2484 euim
728 2424 798 2485 siue
820 2443 934 2487 aruore
950 2432 1063 2486 nostro
1078 2420 1197 2486 aderat
1211 2421 1297 2506 quod
1308 2424 1380 2488 siue

354 2553 385 2587 ιο
396 2526 508 2590 dolore
525 2527 668 2590 discedit.
681 2526 712 2591 si
729 2547 804 2610 ergo
820 2526 922 2591 clerus
938 2526 1052 2612 aliquis
1067 2526 1108 2592 sit
1117 2527 1241 2591 mundo
1256 2527 1381 2591 deditus

395 2633 482 2716 qnod
510 2631 582 2714 plus
613 2632 700 2695 dolet
730 2651 789 2714 pto
822 2631 994 2696 amissione
1024 2632 1250 2717 temporalium
1281 2653 1380 2717 quam

396 2736 528 2816 virtutis,
537 2736 609 2819 plus
626 2735 739 2800 insistit
748 2735 830 2800 circu
839 2736 1092 2820 adquisicionem
1101 2737 1152 2801 rel
1161 2735 1377 2801 defensionem

395 2862 504 2904 eorum
528 2860 625 2924 quam
648 2840 723 2904 boni
746 2841 929 2925 spiritualis,
957 2856 993 2906 ut
1015 2842 1059 2906 sic
1082 2841 1260 2907 inhabilitat
1281 2863 1315 2906 se
1336 2845 1376 2908 ad

394 2945 575 3008 habendum
606 2945 663 3008 hec
694 2944 881 3029 temporalia
913 2960 945 3011 et
970 2968 1026 3032 per
1048 2968 1246 3033 consequent
1266 2947 1369 3032 digni·

353 3060 382 3110 25
395 3047 465 3112 licat
488 3070 522 3112 se
543 3064 578 3112 ut
593 3050 701 3133 perdat
719 3051 782 3114 illa.
803 3053 869 3115 Nec
890 3066 938 3116 est
955 3052 1006 3115 ille
1021 3052 1072 3116 cui
1088 3052 1145 3117 hee
1165 3065 1241 3117 sunt
1259 3054 1375 3120 donata

394 3154 491 3238 quiin
505 3154 826 3218 istoanimolinaliter
841 3172 1028 3240 perseverat,
1043 3157 1118 3243 quia
1134 3171 1182 3222 est
1196 3159 1375 3223 membrum

393 3258 506 3320 diaboli
532 3272 563 3322 et
585 3279 650 3321 non
673 3281 745 3342 pars
768 3260 897 3324 ecclesie
921 3260 971 3348 (ut
989 3276 1076 3346 patet
1099 3263 1131 3325 in
1153 3262 1312 3327 solutione
1326 3261 1376 3329 vlt

393 3364 567 3445 argumenti
591 3365 629 3426 de
653 3365 710 3428 Vl⁰
734 3387 802 3450 cap.
826 3364 946 3454 huius).
979 3369 1061 3431 Nam
1089 3388 1162 3432 vera
1184 3368 1293 3453 religio
1313 3382 1376 3434 stat

393 3467 424 3527 in
452 3482 534 3530 recta
562 3468 733 3534 dilectione
756 3472 933 3553 beatorum,
967 3485 1004 3536 ut
1034 3472 1066 3535 io
1098 3472 1179 3537 libro
1210 3474 1258 3538 De
1294 3474 1375 3538 Vera

430 3708 451 3750 o.
465 3707 487 3751 A
501 3707 524 3752 in
539 3720 629 3763 maru:
643 3707 782 3764 Gregorius3
798 3709 847 3755 llll.
862 3720 915 3767 esp.
932 3718 1001 3755 recte.
1015 3711 1055 3755 lll.
1136 3724 1157 3767 7.
1172 3710 1249 3758 Oodd.
1263 3724 1297 3759 ts·
1319 3725 1372 3770 cap.

390 3773 493 3819 Corrcal.
585 3790 611 3822 rt.
626 3779 646 3821 A
662 3777 684 3822 in
700 3790 773 3835 marg.
789 3780 865 3824 Amor
878 3781 1043 3836 temporalium
1057 3782 1166 3826 occultus
1175 3782 1297 3839 utromodo
1309 3783 1372 3830 ludl-

390 3852 462 3887 catur.
567 3847 669 3892 rr.Ain
689 3861 776 3905 marga
804 3849 961 3906 Augustinus.
993 3850 1092 3908 l'otnny,
1118 3851 1198 3908 glossa
1225 3851 1371 3898 tscbeeblcar

390 3913 515 3960 Memento.
599 3927 629 3962 rs
643 3919 678 3962 Aa
692 3918 827 3964 ostenderit.
921 3919 950 3966 15.
964 3922 986 3965 A
1000 3920 1023 3965 la
1043 3931 1131 3977 maras
1154 3919 1225 3966 Nota.
1244 3921 1269 3966 lo
1289 3921 1372 3967 rodda

390 3995 436 4027 uon
450 3983 484 4027 eir
498 3986 598 4031 coniicit.
619 3984 687 4031 Corr.
708 4000 736 4031 cx
751 3988 813 4045 Aug.
828 3987 844 4032 1.
858 4000 880 4033 c.
987 3989 1019 4036 rb.
1032 3987 1060 4034 la
1075 3989 1160 4034 codas
1189 3998 1296 4046 separent
1309 4002 1371 4037 corr.

389 4065 402 4096 e
416 4059 478 4096 texto
488 4053 620 4109 Angustlol.
723 4054 757 4102 tl.
771 4059 792 4102 A
808 4056 832 4102 ia
847 4069 936 4115 marga
950 4057 1089 4104 Conclnslo.

431 4208 457 4263 6.
478 4214 508 4265 V.
527 4229 607 4282 supra
625 4230 685 4283 pag.
709 4214 819 4280 52-54
930 4235 968 4271 rr.
986 4221 1054 4287 Aug.
1073 4235 1131 4288 cap.
1155 4221 1232 4288 Aeli,
1253 4221 1312 4275 libri
1329 4223 1371 4274 De

389 4301 456 4351 Vera
476 4301 558 4368 ltelig.
578 4302 649 4368 Opp.
670 4302 689 4366 l,
706 4316 766 4369 pag.
785 4300 846 4369 781.
937 4310 977 4358 28.
998 4306 1028 4359 V.
1047 4322 1127 4376 supra
1146 4324 1206 4377 pag.
1229 4305 1370 4363 rso-1³&
