3262 5226
676 610 845 667 ronnnnrs
861 612 1011 668 wronrr.
1151 592 1328 687 [centvm

350 766 502 851 infideles,
524 781 561 834 ut
581 768 695 855 allegat
716 768 878 855 perleges
901 769 1101 855 multiplices,
1123 772 1177 835 sed
1199 771 1441 846 ecclesiane»

351 874 550 961 triumphans
570 886 697 940 tantum
717 874 814 941 habet
835 876 951 958 bonos,
974 875 1049 961 quia
1072 875 1104 939 in
1126 876 1180 940 illa
1193 898 1259 940 non
1283 888 1331 940 est

352 978 477 1044 macula
508 980 651 1045 mortalis
682 1001 785 1069 nque
816 1001 895 1065 ruga
931 979 1060 1045 venialis
1091 978 1143 1068 (ut
1164 994 1249 1066 patet
1283 980 1330 1043 De

349 1084 539 1169 Penitencia,
568 1084 773 1151 distinctione
804 1085 916 1172 prima,
939 1084 1078 1170 capitulo
1100 1083 1269 1172 Ecclesia),
1299 1097 1331 1149 et

350 1189 446 1255 huius
482 1211 598 1276 corpus
633 1190 750 1255 scilicet
785 1189 914 1254 ecclesie
950 1188 1113 1254 militantis
1150 1204 1245 1276 caput
1283 1205 1355 1266 ests

351 1294 496 1360 Christus
530 1308 567 1361 ut
603 1315 749 1379 sponsus.
786 1294 828 1359 Et
858 1294 916 1358 hec
947 1292 1077 1359 ecclesia
1107 1294 1246 1360 militans
1277 1294 1332 1360 liet

350 1399 550 1485 triumphans
579 1413 654 1485 post
675 1397 938 1464 resurrectionem
967 1398 1191 1481 universaliter,
1219 1412 1250 1464 et
1277 1421 1330 1465 co·

351 1504 425 1569 tidie
440 1502 477 1569 fit
496 1504 697 1589 triumphans
716 1503 747 1568 in
764 1503 914 1567 membris
936 1502 1170 1589 particulariter,
1185 1503 1227 1568 ita
1242 1506 1332 1589 quod

349 1608 479 1674 ecclesia
506 1608 646 1673 militans
678 1622 726 1673 est
755 1628 881 1693 sponsa,
911 1608 966 1671 sed
997 1608 1091 1673 ducta
1127 1607 1159 1679 in
1196 1609 1332 1673 domum

349 1714 457 1798 sponsi
480 1711 694 1777 universaliter
711 1711 761 1776 vel
775 1712 809 1775 in
823 1711 887 1776 suis
902 1712 1053 1775 membris
1068 1711 1103 1778 fit
1123 1733 1211 1777 uxor.
1237 1714 1331 1779 Unde
1345 1752 1376 1789 ,ο

350 1821 454 1903 Apoc.
476 1816 578 1899 xx10,
600 1838 631 1901 9,
654 1817 732 1881 dixit
752 1818 883 1903 angelus
904 1816 998 1881 beato
1019 1816 1170 1883 Iohanni:
1203 1817 1280 1882 Veni
1300 1829 1333 1885 et

350 1921 514 1986 ostendam
551 1921 608 1985 tibi
636 1940 799 2005 sponsam,
830 1940 964 1984 uxorem
1002 1924 1091 2006 agni.
1124 1922 1186 2001 Sic,
1217 1922 1333 2007 inquit,

351 2027 476 2111 reperio
505 2025 591 2111 qnod
621 2026 679 2088 illa
709 2044 771 2109 que
802 2035 850 2088 est
878 2045 997 2109 sponsa
1030 2028 1137 2091 mariti
1167 2026 1262 2090 dncta
1300 2029 1333 2090 in

232 2182 239 2193 .
350 2131 478 2195 domum
502 2130 659 2217 efficietur
681 2148 777 2209 uxor,
796 2128 942 2213 Digestis,
965 2132 1012 2195 De
1035 2131 1109 2195 Ritu
1131 2132 1334 2215 Nuptiarum,

351 2234 567 2300 “Minorem''.
582 2234 624 2297 Et
640 2233 720 2298 sicut
733 2234 795 2299 hoc
810 2234 957 2318 exemplo
972 2235 1082 2300 eadem
1102 2235 1215 2300 mulier
1229 2236 1334 2321 primo
1349 2261 1377 2313 ,5

351 2352 399 2403 est
420 2360 537 2424 sponsa
566 2353 598 2402 et
625 2358 682 2422 per
702 2338 886 2424 qualitatem
918 2339 1081 2404 duccionis
1111 2340 1265 2405 adiectam
1297 2341 1334 2407 fit

352 2463 440 2525 uxor,
455 2443 498 2508 ric
514 2441 645 2508 ecclesia
668 2441 804 2507 militans
826 2442 876 2523 nel
898 2443 1004 2508 anima
1028 2442 1127 2508 fidelia
1148 2444 1198 2510 hic
1217 2466 1335 2530 sponsa

352 2547 469 2613 Christi
492 2549 586 2612 ducta
607 2546 641 2610 in
671 2547 815 2612 celestem
842 2547 1013 2612 Jerusalem
1041 2569 1122 2612 uxor
1149 2549 1334 2616 censebitur.

394 2653 490 2718 lstnm
517 2652 665 2717 celestem
693 2652 795 2737 legem
823 2653 862 2715 de
889 2652 1021 2716 articulo
1044 2651 1115 2717 fidei
1139 2676 1157 2717 a
1180 2653 1370 2739 scripturap⁴

352 2778 438 2823 sacra
468 2777 525 2843 per
551 2771 677 2822 cancros
699 2758 843 2821 doctores
865 2772 896 2822 et
918 2758 1065 2822 doctores
1088 2757 1163 2821 iuris
1190 2759 1332 2823 canonici
1344 2800 1378 2837 ,ο

351 2863 540 2926 elaboratam
553 2860 893 2946 addiscerent21egiste
903 2861 1051 2947 precipue
1063 2877 1093 2927 et
1102 2883 1213 2927 omnes
1223 2864 1332 2928 catho·
1347 2881 1407 2949 ¹⁸7⁸

350 2967 411 3033 lici.
438 2966 594 3041 Christus,
618 2965 721 3050 inquit
753 2967 874 3046 doctor,
906 2965 1023 3029 dicitnr
1046 2968 1126 3051 lapis
1149 2969 1332 3053 arrgnlnrir,

352 3071 432 3135 duos
465 3071 607 3155 parietes
640 3081 826 3134 connectens
865 3071 1051 3150 adinvicem,
1084 3073 1160 3156 qnia
1187 3074 1227 3135 ab
1254 3074 1336 3137 Abel

352 3177 434 3239 insto
457 3176 488 3238 in
512 3175 610 3238 aeteri
629 3186 815 3238 testamento
839 3175 1004 3258 usquead
1026 3177 1229 3240 novissimum
1253 3179 1333 3241 elec·

353 3291 418 3343 turn
458 3281 489 3343 in
525 3281 588 3345 fine
620 3281 723 3345 seculi
746 3280 866 3365 fideles
911 3282 1074 3364 connectit,
1116 3283 1375 3352 constituendoss

352 3386 528 3461 ecclesiam,
552 3385 699 3448 continue
722 3405 854 3448 erranens
875 3405 1031 3452 summat.

148 3507 332 3553 rtencewesee
396 3489 442 3552 Ex
480 3488 545 3552 istis
583 3488 679 3552 tercio
716 3502 802 3572 patet
839 3489 1015 3552 destruccio
1053 3490 1164 3553 erroris
1201 3490 1364 3574 triplicisa

174 3562 310 3659 ellidii.
353 3593 532 3678 supradicti.
556 3595 637 3656 Nam
662 3592 742 3656 dicte
766 3591 940 3656 differencie
963 3593 1046 3657 inter
1068 3595 1228 3658 ecclesium
1249 3596 1333 3658 mili·

164 3667 321 3764 ,iiiiii‘ln
353 3711 474 3762 tantem
496 3712 527 3762 et
549 3697 797 3780 triumphantem
820 3717 884 3760 non
902 3713 976 3761 sunt
991 3697 1167 3763 differencie
1186 3700 1332 3763 substan·

139 3768 458 3883 'iimilllnll‘eiatee
486 3803 540 3865 sed
563 3802 654 3864 vnlde
677 3801 892 3881 accidentales,
920 3802 995 3885 quia
1017 3803 1105 3866 aliter
1127 3804 1212 3866 nulla
1235 3805 1332 3868 eccle·
1344 3823 1377 3875 30

145 3873 187 3917 ⁶²¹¹
202 3875 340 3934 “dm''
358 3907 403 3970 sia
432 3906 571 3970 militans
602 3905 682 3969 loret
713 3906 924 3991 triumphans;
955 3907 1041 3990 quod
1065 3921 1111 3971 cst
1134 3922 1240 3971 contra
1263 3930 1333 3993 pre·

397 4108 419 4155 6.
435 4102 493 4155 ΑἸη
508 4120 597 4166 maran
612 4108 748 4155 Conclusio.
844 4121 870 4154 ιι.
884 4109 910 4154 ln
925 4109 1008 4154 cose·
1024 4112 1099 4165 Apoc.
1114 4108 1175 4155 xlx.
1254 4110 1288 4157 ro.
1303 4110 1332 4155 lla

355 4181 470 4224 attrecta
484 4177 517 4223 nt,
605 4190 636 4236 ιγ.
657 4179 687 4224 B:
709 4178 784 4224 fidelis
802 4180 879 4224 halus.
969 4190 1002 4224 aa.
1016 4182 1038 4224 Α
1053 4180 1077 4223 ln
1097 4191 1184 4235 meran
1204 4178 1334 4236 Quomodo

356 4248 465 4294 Christus
488 4255 524 4292 est
545 4248 605 4306 tepla
628 4249 754 4305 angularis.
858 4259 894 4301 ²4·
919 4246 949 4291 Βι
971 4249 1111 4293 testamenti.
1215 4248 1246 4293 31.
1270 4252 1293 4294 Α
1309 4251 1333 4295 la

354 4328 443 4373 meran
458 4316 564 4362 Ecclesia
578 4330 643 4363 nune
657 4319 759 4363 mltltans
773 4326 854 4374 postea
868 4321 912 4363 ertt
926 4318 1083 4377 triumphans.

388 4476 412 4524 ⁴·
431 4460 508 4513 near.
527 4460 548 4513 11
567 4476 637 4529 ριη,
655 4475 732 4513 etun
751 4460 840 4525 xxm,
857 4475 885 4529 q.
904 4460 946 4525 ru,
971 4475 1027 4529 erp.
1053 4460 1129 4513 nnn
1203 4473 1243 4526 u„
1257 4428 1334 4528 otgg'.

353 4546 399 4599 lib.
416 4547 507 4613 xxtlt,
524 4548 562 4599 tit.
580 4547 611 4613 ll,
629 4547 669 4600 De
686 4549 748 4601 Ritu
766 4544 921 4616 Nuptiarum
939 4561 965 4614 4
