3262 5226
693 469 866 523 tonsurus
883 468 1028 522 wreus.
1205 443 1287 536 [cnr.
1302 459 1362 506 νιιι.

372 623 492 688 dolose.
516 625 617 689 Aliter
637 625 724 688 enim
745 638 827 688 esset
849 626 921 688 dare
943 623 1040 687 finem
1062 643 1119 687 sue
1142 619 1359 684 mendacitatis
1372 637 1472 693 ,εμο

374 728 537 812 immense,
565 730 729 815 usquead
752 743 903 813 quemet
930 749 995 792 non
1028 728 1110 791 ultra
1137 725 1244 810 potuit
1265 726 1358 788 dece·

375 832 471 917 pisse;
502 835 589 919 quod
612 834 706 897 credo
729 854 795 897 non
818 833 952 915 dabitur,
979 853 1054 897 cum
1077 831 1191 896 dicitur
1213 849 1358 914 commu·

376 937 455 1002 niter
481 940 568 1023 quod
596 937 637 1003 sit
665 937 826 1003 inlinitum
860 937 1035 1003 misericors
1057 938 1113 1001 sed
1135 935 1221 1000 finite
1254 936 1361 1000 solum

376 1044 474 1106 modo
496 1042 671 1109 miserator.
777 1120 780 1124 .
1373 1056 1387 1108 5

198 1158 328 1204 novom
419 1148 585 1225 Quantum
613 1147 654 1209 ad
686 1145 753 1209 illas
785 1147 864 1210 duas
892 1144 1067 1210 evidencias
1089 1145 1179 1230 quod
1201 1142 1398 1215 debuisse-n

176 1211 285 1257 doctdm
298 1221 347 1254 m

158 1261 449 1371 :amaxius-mus
481 1250 608 1315 mentiri
638 1263 748 1314 contra
774 1249 990 1315 iuramentum
1013 1263 1161 1313 nostrum
1182 1263 1249 1312 tam
1271 1247 1362 1332 pium

172 1367 358 1465 pgr'pe'ppppr
375 1370 471 1440 atque
501 1355 681 1439 legitimum
714 1375 822 1419 coram
854 1354 986 1419 consilio
1018 1354 1099 1438 regis
1126 1353 1235 1434 nostri,
1258 1352 1364 1417 Deum

159 1472 244 1528 triac·
257 1468 366 1516 Coancn.
377 1471 535 1524 contestor
562 1472 593 1522 et
615 1459 749 1522 numina
771 1460 858 1543 quod
882 1460 961 1524 inter
989 1479 1102 1523 omnes
1129 1457 1287 1521 doctrinas
1315 1457 1364 1520 vel

377 1561 508 1626 consilia
529 1583 592 1648 que
623 1562 729 1627 audivi
761 1583 828 1626 non
860 1564 995 1627 occurrit
1022 1563 1101 1625 mihi
1129 1562 1259 1648 aliquod
1282 1560 1408 1633 dini-‚0

378 1666 467 1730 cilius
491 1681 546 1731 eut
568 1666 793 1731 detestabilius.
818 1668 893 1731 ldeo
916 1667 1039 1731 videtur
1060 1665 1138 1729 mihi
1154 1667 1364 1757 quod-minus

379 1769 461 1834 male
491 1770 596 1853 potuit
627 1769 723 1834 luisse
756 1770 879 1834 dictum
905 1772 945 1833 ad
971 1785 1095 1855 partem
1120 1791 1218 1855 quam
1240 1771 1366 1855 publice

379 1876 423 1939 sic
453 1874 486 1939 in
519 1874 623 1957 scolis,
647 1896 723 1939 nam
746 1876 790 1940 sic
813 1877 973 1941 menciens
996 1876 1161 1939 manifeste
1188 1875 1367 1940 incurrisset

380 1979 552 2064 periurium
584 1995 616 2045 et
647 1980 813 2045 infamiam
845 2002 943 2066 quam
966 1983 1093 2062 vitabat,
1117 1980 1213 2045 etita
1238 1981 1366 2045 conclu-

380 2083 469 2147 sisset
511 2084 718 2168 culpabiliter,
764 2086 941 2148 secundum
978 2100 1098 2148 metam
1135 2086 1411 2170 redargucionis.5

381 2190 517 2254 maxime
539 2190 598 2253 sibi
622 2190 693 2274 ipsi.
716 2191 792 2254 ldeo
815 2191 922 2254 minus
944 2192 1065 2254 malum
1081 2205 1129 2256 est
1144 2190 1212 2255 sine
1227 2193 1369 2275 dampno

381 2294 485 2357 anime
507 2294 666 2378 pacienter
688 2295 751 2378 pati
775 2295 989 2359 detracciones
1021 2311 1052 2359 et
1083 2295 1239 2372 scandala,
1272 2315 1370 2379 quam

382 2399 570 2462 menciendo
593 2413 624 2462 et
652 2419 708 2482 per
736 2419 936 2484 consequens
958 2399 1137 2463 iniuriando
1161 2399 1218 2463 toti
1242 2399 1366 2463 unirer·

383 2504 464 2567 sitnti
493 2518 604 2585 create,
632 2502 791 2569 offendere
815 2505 985 2569 dominum
1007 2504 1156 2568 veritatis.
1188 2505 1261 2567 Non
1285 2503 1369 2567 enim

165 2607 555 2692 noemeureymaginari
590 2622 696 2692 potest
726 2630 818 2673 casus
850 2630 907 2673 nec
940 2609 1071 2673 inveniri
1105 2608 1218 2672 ficticia
1248 2610 1281 2671 in
1305 2629 1415 2692 quo20

188 2666 349 2762 'timii
386 2713 433 2776 vel
467 2734 530 2797 qua
563 2712 686 2776 licitum
710 2729 755 2778 est
778 2714 916 2794 mentiri,
939 2714 1040 2777 immo
1062 2729 1219 2778 crescente
1243 2713 1372 2775 menda·

186 2769 355 2815 'mmm'
384 2790 434 2880 cio
465 2816 564 2879 eciem
604 2816 636 2897 in
670 2818 753 2881 clero
786 2819 858 2901 plus
890 2818 984 2882 solito
1016 2834 1098 2883 esset
1121 2838 1204 2901 opus
1236 2817 1374 2881 doctoris

385 2919 524 3003 prolerre
547 2923 586 2984 de
609 2922 759 2985 thesauro
782 2922 935 3005 scripture
951 2923 1128 2986 *raciones
1144 2936 1174 2985 et
1190 2935 1375 2984 sanctorum
1389 2934 1448 2988 151⁸

386 3026 565 3089 testimonia
576 3026 608 3087 in
620 3027 866 3089 detestacionem
880 3027 1034 3089 mendacii
1046 3042 1077 3089 et
1091 3048 1154 3090 non
1167 3025 1272 3089 lovere
1283 3045 1371 3087 men-

386 3131 511 3192 dacium
522 3130 933 3214 mendaciisallegncionum
943 3147 973 3195 et
983 3131 1162 3213 sophisticis
1171 3129 1374 3213 argumentis.
1387 3146 1418 3198 25

387 3234 455 3316 Ego
466 3236 585 3318 quippe
595 3234 754 3298 horrerem
771 3236 969 3298 introducere
979 3236 1099 3298 scolam
1109 3236 1200 3299 istam
1212 3249 1376 3318 tamquam

386 3339 497 3401 doctor
513 3340 680 3417 mendacii,
702 3360 776 3402 cum
793 3361 829 3401 ex
848 3340 1010 3423 fragilitate
1034 3340 1128 3401 nimis
1151 3341 1244 3423 proni
1267 3359 1378 3401 sumus

387 3442 426 3503 ad
446 3443 506 3505 hoc
530 3443 596 3505 sine
619 3445 815 3506 abduccione
839 3444 1000 3528 peregrina
1023 3466 1080 3527 per
1102 3445 1269 3506 scienciam
1291 3465 1378 3506 men·

388 3546 504 3619 ciendi:
525 3548 638 3610 doctor
654 3547 772 3631 itaque,
788 3550 906 3610 docens
922 3551 1008 3631 quod
1026 3548 1148 3612 licitum
1172 3563 1219 3610 est
1243 3547 1378 3626 mentiri,

387 3650 556 3734 inperfecte
579 3651 733 3736 procedit,
761 3652 820 3712 nisi
849 3653 961 3714 doceat
987 3655 1154 3736 quomodo
1185 3651 1308 3713 licitum
1331 3664 1378 3713 est
1389 3668 1422 3719 30

389 3756 523 3835 mentiri,
557 3770 588 3816 et
621 3776 678 3838 per
715 3777 925 3840 consequens,
964 3756 1021 3818 nisi
1060 3759 1172 3819 doceat
1210 3757 1378 3840 quomodo

389 3861 542 3922 debemus
576 3859 713 3938 mentiri,
748 3875 779 3922 et
815 3862 858 3922 sic
882 3861 1057 3923 secundum
1080 3862 1201 3924 scolam
1223 3858 1379 3922 mendacii

391 3964 470 4028 soret
501 3965 657 4026 laudabile
691 3967 816 4028 mentiri
840 3965 989 4046 lingendo
1012 3966 1088 4029 lnlse
1111 3967 1257 4028 doctores
1280 3977 1379 4025 extra·

433 4185 485 4231 ll!
504 4187 528 4230 ln
547 4197 621 4237 mara.
642 4198 704 4231 man.
724 4187 778 4231 altr
801 4186 934 4231 llisericors
953 4193 987 4230 est
1002 4185 1064 4230 Deus
1078 4186 1176 4241 lnfinlte,
1194 4185 1236 4229 red
1259 4184 1322 4229 finite
1343 4193 1379 4229 ert

393 4254 524 4300 miserator.
632 4253 655 4298 8.
675 4254 730 4298 llln
745 4267 820 4310 marg.
840 4267 902 4298 man.
923 4256 976 4298 aler
996 4253 1068 4300 iurat.
1169 4265 1199 4309 ιγ.
1220 4256 1241 4298 Α
1255 4255 1279 4297 ln
1294 4267 1381 4312 marga

394 4322 529 4369 Conclusio.
635 4335 672 4369 ro.
694 4325 749 4368 Bln
765 4336 839 4378 marg.
861 4336 923 4368 men.
944 4325 997 4368 alne
1015 4322 1078 4367 Nota
1099 4324 1127 4368 de
1150 4334 1198 4365 non
1212 4324 1382 4369 committendo

394 4394 527 4438 mendacio.
635 4391 668 4437 2³.
683 4394 716 4437 A:
730 4394 854 4447 tlaeaauro3
868 4394 903 4437 sle
916 4402 938 4437 er
954 4394 976 4437 ln
992 4392 1152 4450 mouentibus.
