3262 5226
279 298 436 394 erasae]
655 320 701 373 oe
720 318 898 373 accursu.

165 495 196 546 st
210 493 268 563 ὠς*
280 478 417 544 instituit
434 478 494 543 luit
508 478 692 563 pert'eccior.
717 478 809 543 Unde
825 475 995 540 verisimile
1010 476 1164 560 estquod
1178 476 1275 541 multi

278 604 315 647 ex
353 581 478 648 delectu
511 583 691 668 serpentine
722 579 896 667 prudencie
934 579 969 642 in
1006 579 1067 645 ista
1097 579 1276 647 elemosina

277 686 406 752 ecclesie
441 686 626 752 altrinsecus
649 700 724 751 sunt
746 682 930 770 dampnati;
954 683 1137 749 diuturnior
1162 699 1296 752 autem.

276 790 453 856 elemosina
485 805 532 856 est
564 790 698 856 breviori
731 788 939 875 prestancior,
976 790 1031 853 sed
1066 809 1164 854 nemo
1194 791 1274 858 dicit
1349 796 1352 801 '

252 897 367 979 §quod
384 895 576 960 diuturnitas
593 895 767 960 elemosine
783 915 882 980 penes
899 892 1038 957 formam
1054 894 1275 960 diuturnitatis

276 1019 423 1083 expresse
461 998 494 1062 in
533 999 626 1064 cartis
664 999 847 1083 regulariter
878 999 1072 1078 attendatur,
1103 1018 1180 1062 cum
1210 1012 1274 1063 stat

276 1101 488 1167 elemosinam
519 1103 663 1168 horalem
686 1104 727 1167 de
750 1102 957 1189 correptione
979 1102 1117 1168 fraterna
1144 1123 1274 1167 manere

276 1220 433 1291 perpetuo
456 1206 489 1269 in
514 1206 629 1289 tractu,
652 1208 707 1272 ubi
731 1207 906 1271 elemosina
922 1205 1047 1270 cartalis
1064 1206 1124 1270 sub
1140 1205 1274 1270 nomine

278 1310 497 1394 perpetuitatis
528 1332 675 1396 expressa
705 1311 898 1397 extinguitur
930 1309 1012 1375 inira
1041 1330 1166 1375 annum
1206 1324 1274 1375 tam

213 1417 309 1483 ,roin
348 1414 528 1479 substancia
564 1415 737 1479 elemosine
772 1436 872 1501 quam
908 1415 942 1478 in
966 1414 1081 1480 fructu.
1112 1415 1164 1480 Sic
1195 1435 1274 1500 ergo

277 1519 356 1581 dans
394 1520 576 1603 prudenter,
616 1519 775 1584 ferventer
810 1533 843 1584 et
879 1518 1039 1603 paulative
1081 1518 1274 1583 elemosinas

277 1621 431 1687 continue
462 1624 536 1708 plus
559 1625 670 1689 crescit
692 1638 724 1688 et
745 1623 930 1708 superaddit
953 1622 1145 1687 elemosinas
1172 1644 1273 1709 quant

277 1726 388 1790 ceteris
420 1728 550 1812 paribus
583 1727 697 1792 laceret
719 1728 779 1791 sub
802 1728 896 1811 signo
920 1726 1094 1792 elemosine
1117 1741 1272 1812 perpetue

276 1832 384 1894 dando
416 1832 525 1915 simul,
556 1833 632 1918 quia
664 1832 768 1896 servor
798 1830 937 1896 caritatis
968 1844 1000 1895 et
1026 1829 1103 1915 vigil
1126 1832 1273 1897 custodis

237 1933 476 2000 atrectilicande
500 1937 674 2001 elemosine
698 1936 802 2001 lorent
824 1935 1007 2001 meritorius
1030 1951 1227 2001 conservata.

321 2039 438 2103 Tercio
470 2040 686 2125 principaliter
707 2041 850 2125 arguitur
872 2061 929 2124 per
950 2038 1014 2103 hoc
1035 2041 1127 2126 quod
1149 2040 1271 2106 elemo-
1298 2042 1319 2090 3·
1335 2045 1481 2102 ostentm

1287 2097 1417 2161 Perperna!
1432 2103 1494 2147 alsus

277 2143 344 2206 sina
368 2144 463 2209 debet
484 2145 529 2207 sic
545 2147 622 2226 dari,
646 2159 682 2210 ut
703 2145 810 2231 generi
833 2144 1027 2209 secularium
1049 2144 1498 2262 ⁰¹⁰m⁰⁸l⁰⁸⁰¹iffi¹sswhffi

277 2265 466 2315 accresceret
488 2249 591 2313 maior
613 2249 732 2314 utilitas
755 2263 786 2314 et
807 2248 915 2333 generi
938 2248 1013 2313 cleri
1041 2248 1272 2313 elemosinandi
1281 2256 1338 2353 eiii
1347 2256 1498 2366 qma

277 2367 467 2418 accresceret
490 2355 562 2438 plus
586 2353 750 2419 excitativa
773 2356 923 2419 securitas
946 2355 987 2418 ad
1011 2353 1178 2438 vigilanter
1199 2374 1272 2440 per·
1316 2361 1378 2406 ruere
1392 2361 1463 2420 ³⁸¹5·

235 2455 451 2522 aeficiendum
483 2458 628 2523 officium
660 2458 819 2541 clericale;
853 2461 909 2525 sed
941 2459 1013 2545 quis
1045 2459 1169 2523 dubitat
1190 2459 1273 2545 quin

276 2562 338 2628 hoc
361 2564 558 2649 contingeret
582 2564 641 2628 sub
665 2564 767 2628 lorma
790 2565 972 2629 dotacionis
995 2558 1166 2649 perpetue?
1186 2565 1273 2650 Ergo

276 2667 329 2730 illa
353 2683 400 2733 est
423 2668 595 2733 dotacione
618 2668 785 2754 temporali
810 2668 1018 2753 prestancior.

321 2773 383 2838 Hic
399 2773 515 2837 dicitur
530 2775 617 2859 quod
634 2795 746 2838 verum
761 2773 947 2856 assumitur,
971 2774 1056 2837 unde
1072 2793 1131 2857 pro
1154 2772 1272 2839 minori
1329 2794 1450 2843 avenn

276 2878 410 2963 quilibet
437 2877 625 2943 christianus
653 2880 748 2943 debet
770 2879 896 2942 credere
925 2879 1015 2964 quod
1042 2878 1075 2941 in
1109 2843 1497 2963 temporafflldip'elam

232 2982 358 3046 aslibus
391 2983 520 3047 dotatio
551 2984 737 3069 temporalis
769 2983 898 3048 excluso
930 2984 1024 3067 signo
1052 2982 1271 3067 perpetuitatis
1280 2954 1497 3052 '‘utillimis'‘

275 3087 417 3151 humane
448 3088 622 3153 elemosine
664 3088 743 3152 soret
775 3087 984 3174 undiquaque
1016 3086 1201 3172 perleccior:
1238 3105 1270 3153 et
1305 3055 1469 3170 libiam

275 3205 362 3274 patet
393 3192 536 3256 delectus
562 3192 803 3279 consequencie.
840 3193 935 3258 Unde
967 3213 1027 3277 pro
1053 3193 1271 3258 declaracione
1314 3160 1377 3206 Μ
1390 3161 1458 3221 Μ’

274 3295 375 3379 prime
399 3296 498 3382 partis
526 3297 656 3362 maioris
683 3311 846 3381 assumpte
878 3310 966 3383 patet
1001 3297 1069 3362 eius
1091 3297 1205 3362 veritas
1232 3318 1272 3361 ex

275 3400 379 3482 dictis,
412 3423 488 3466 cum
519 3401 590 3465 talis
613 3401 838 3467 elemosinacio
873 3401 955 3466 toret
982 3401 1072 3466 sactis
1093 3401 1212 3466 Christi
1238 3415 1272 3468 et

231 3506 265 3557 30
274 3507 497 3589 apostolorum
521 3506 731 3589 conformior,
758 3519 790 3571 et
816 3527 874 3591 per
900 3527 1101 3592 consequens
1123 3506 1270 3579 elemosif

275 3610 362 3675 nanti
385 3610 504 3676 utilior.
535 3612 628 3677 Unde
650 3617 722 3677 Act.
751 3612 809 3674 lll⁰
840 3611 957 3695 legitur
988 3611 1156 3695 quomodo
1193 3632 1269 3696 pos·

274 3735 412 3781 sessores
443 3737 596 3800 agrorum
617 3717 798 3781 vendebant
828 3731 859 3780 et
887 3717 1051 3801 ponebant
1077 3717 1271 3800 antepedes

275 3822 511 3903 apostolorum,
542 3842 608 3886 non
642 3835 678 3886 ut
708 3819 894 3885 hereditarie
917 3819 966 3883 vel
990 3834 1143 3905 perpetue
1165 3820 1270 3905 possi·

274 3924 396 4007 derent,
419 3926 475 3989 sed
498 3926 749 4004 ut,divideretur
771 3925 904 4011 singulis
926 3937 1025 4009 prout
1048 3923 1164 4010 cuique
1186 3945 1270 4010 opus
1297 3961 1302 3969 ·

312 4179 524 4239 restaurares
543 4180 641 4229 contra
658 4181 746 4230 Tereia
763 4183 880 4229 obleeeto.
989 4181 1022 4228 23.
1043 4184 1065 4227 Α
1080 4181 1105 4226 la
1120 4193 1207 4238 merga
1227 4182 1269 4229 lle·

274 4251 382 4307 sponsio.
488 4241 520 4300 31.
534 4250 702 4311 usquemodo
716 4252 889 4311 possesslones.
942 4289 947 4299 .
1268 4276 1271 4281 .
