3262 5226
165 736 236 785 car.
250 719 304 811 xa]
539 736 587 789 aa
605 736 785 791 accensu.

98 916 157 971 00
211 898 253 961 Et
290 897 316 960 si
354 893 499 979 arguitur
532 892 621 977 quod
655 892 859 977 privilegium
889 895 931 958 de
962 895 1167 963 immunitate

94 1021 158 1074 163·
168 1001 299 1068 ecclesie
322 998 500 1081 Anglicane
532 1012 691 1081 repugnat
714 997 837 1082 iuribus
858 999 1021 1063 canonicis
1051 1020 1165 1085 supra·

167 1107 270 1188 dictis,
305 1102 422 1168 dicitur
453 1104 543 1187 quod
567 1123 647 1185 non,
670 1102 745 1187 quia
768 1124 884 1169 omnes
908 1105 962 1170 ille
983 1105 1068 1190 leges
1089 1122 1168 1172 sunt
1203 1169 1209 1177 ,

167 1211 295 1291 locales,
327 1208 506 1292 obligantes
541 1221 668 1271 tantum
704 1229 759 1271 eos
793 1208 849 1293 qui
881 1209 967 1295 ipsas
989 1223 1165 1295 acceptant,

143 1331 233 1388 stam
266 1313 299 1376 in
333 1312 466 1378 materia
488 1333 587 1398 quam
610 1312 643 1375 in
674 1312 786 1377 forma.
819 1314 936 1400 Anglia
959 1328 1067 1380 autem
1088 1317 1166 1401 quia

167 1420 256 1504 prius
278 1418 391 1481 habuit
414 1417 682 1482 consuetudinem
705 1418 942 1484 misericordius
964 1420 1165 1485 libertatatem

168 1522 345 1605 ecclesiam,
385 1522 459 1586 ideo
496 1521 627 1587 dimissa
672 1524 925 1589 martirizacione
962 1525 1012 1589 sui
1049 1525 1163 1610 populi
1175 1538 1395 1603 amaraque·

168 1627 255 1691 venit
286 1626 474 1691 coronarint
504 1627 545 1690 ad
581 1627 764 1710 fugitivum,
798 1650 935 1714 querens
958 1650 1087 1694 causam
1114 1630 1163 1694 sui
1189 1594 1387 1707 iiiiii&

169 1732 305 1816 aufugii3
321 1735 412 1817 quod
428 1731 453 1795 si
470 1752 529 1816 pro
545 1732 608 1796 alio
630 1733 747 1798 delicto
771 1754 870 1819 quam
892 1734 1011 1798 felonia
1031 1734 1165 1819 aufuge·

128 1837 219 1919 norit,
257 1838 385 1901 libertas
423 1836 554 1901 ecclesie
592 1858 659 1901 non
697 1838 738 1902 ad
772 1859 858 1903 eum.
890 1839 925 1903 Si
959 1854 1066 1904 autem
1103 1859 1166 1924 pro

169 1941 297 2023 felonia,
336 1943 417 2006 dum
454 1956 563 2006 tamen
601 1963 667 2005 non
707 1957 864 2028 repugnat
900 1943 1038 2028 provido
1069 1943 1164 2008 statui

169 2046 268 2131 regni,
296 2046 368 2111 licet
391 2043 450 2110 sibi
481 2067 538 2131 per
559 2046 770 2131 quadraginta
797 2048 864 2112 dies
886 2048 983 2112 libere
1010 2047 1053 2112 ibi
1076 2048 1165 2133 quie·

169 2172 254 2215 scere
277 2166 308 2214 et
325 2151 356 2213 in
373 2150 437 2215 fine
461 2171 564 2215 unum
579 2172 616 2214 ex
633 2151 734 2216 tribus
756 2151 880 2235 eligere,
896 2152 947 2216 vel
962 2173 1019 2237 per
1034 2167 1164 2217 stratam
1178 2164 1304 2211 labente·
1317 2168 1385 2229 atre·

169 2255 289 2340 regiam
309 2270 476 2341 tamquam
497 2257 628 2319 exulans
644 2255 729 2320 exire
744 2256 956 2340 provinciam,
971 2258 1020 2322 vel
1036 2257 1164 2342 publice
1181 2224 1210 2262 ω
1224 2218 1268 2263 Μ
1282 2218 1389 2277 mm

129 2361 262 2442 rsexire,
286 2361 401 2424 stando
426 2374 592 2445 tamquam
614 2360 765 2445 indigena
788 2360 849 2424 iuri
872 2360 972 2445 regni,
993 2361 1046 2426 vel
1067 2362 1166 2427 tercio

98 2478 332 2535 austremanere
366 2465 449 2530 inira
480 2465 761 2529 basilicam*sine
793 2464 856 2529 hoc
887 2467 979 2550 quod
1011 2466 1092 2531 ultra
1124 2468 1165 2532 de
1212 2528 1217 2535 .

169 2570 292 2635 cibariis
324 2570 488 2653 provincie
521 2584 726 2635 sustentetur.
773 2570 814 2633 Et
843 2568 894 2656 (ut
917 2569 995 2634 mihi
1026 2568 1166 2655 videtur)

169 2675 372 2760 privilegium
405 2675 485 2740 illud
517 2676 597 2739 foret
629 2673 866 2739 misericordius
889 2689 921 2739 et
943 2674 1166 2740 rationabilius

170 2801 267 2866 quam
300 2781 503 2865 privilegium
537 2795 652 2843 notans
687 2800 779 2844 casus
813 2779 846 2842 in
878 2781 997 2865 quibus
1024 2780 1165 2844 salvandi

127 2887 203 2950 eoin
221 2886 336 2970 Araglia
360 2884 488 2949 extracti
514 2900 589 2949 sunt
612 2885 687 2948 alibi
712 2899 744 2948 et
765 2884 873 2949 occisi.
899 2884 975 2949 ldeo
998 2885 1166 2949 laudemus

171 3004 299 3054 nostros
331 2989 502 3074 principes,
527 3011 593 3053 non
617 2990 821 3054 vendicantes
845 2988 951 3053 alieno
974 2989 1053 3068 iure,
1074 2990 1166 3074 quod

171 3096 372 3159 consuetudo
396 3095 511 3178 Anglie
537 3115 602 3157 non
626 3095 798 3178 permittit;
826 3116 902 3159 nam
925 3093 1076 3179 Angliam
1099 3113 1165 3157 uon

171 3201 316 3283 obligant
339 3200 441 3262 aliena
465 3199 629 3284 privilegia
651 3200 828 3285 alleganda,
848 3200 905 3264 sed
928 3197 1047 3264 sufficit
1072 3197 1166 3263 nobis

172 3303 293 3368 fructus
322 3302 483 3367 ulterioris
505 3303 671 3388 privilegii,
695 3325 753 3368 nec
776 3317 823 3368 est
846 3303 953 3389 aliqua
975 3304 1025 3367 lex
1052 3303 1165 3367 lunda·

128 3409 241 3472 25bilis
264 3430 323 3493 pro
345 3408 514 3473 ambobus

215 3512 332 3576 Tercio
355 3513 572 3597 principaliter
591 3513 736 3597 arguitur
751 3512 959 3589 contra-dicta
973 3514 1013 3575 de
1028 3511 1164 3596 descrip·
1174 3520 1255 3571 Tetra
1270 3525 1389 3583 punctos!

146 3618 262 3690 reione
290 3617 460 3702 privilegii:
483 3617 609 3681 videtur
630 3617 718 3681 enim
740 3617 845 3702 primo
868 3617 959 3701 quod
981 3616 1087 3679 omnis
1116 3618 1165 3679 lex
1207 3587 1355 3684 aima

170 3723 210 3786 sit
251 3722 464 3806 privilegium,
500 3742 576 3786 cum
610 3723 719 3786 omnis
755 3722 804 3785 lex
841 3720 1005 3784 individua
1040 3720 1080 3785 sit
1117 3721 1166 3785 lex
1192 3681 1372 3791 ‘bititia'ssi‘

169 3827 304 3911 privata,
334 3848 484 3891 concessa
516 3829 556 3892 ad
588 3827 759 3891 utilitatem
787 3825 917 3890 ecclesie
944 3825 995 3890 vel
1020 3845 1165 3911 persone.

142 3933 306 4006 2Videtur
332 3935 475 3997 secundo
502 3933 590 4018 quod
620 3954 685 3995 non
714 3931 855 3996 subiacet
884 3929 1033 4015 potestati
1061 3928 1389 3993 domi-usamenta·

1178 4000 1269 4039 eaauot
1281 3994 1386 4051 rppoiat

171 4058 289 4101 norum
317 4040 544 4123 temporalium
572 4052 709 4103 statuere
739 4037 903 4102 ecclesiam
932 4036 965 4098 in
997 4034 1165 4119 privilegiis
1183 4043 1372 4152 (1ὶέιὲιέῗεὶίᾷ

1139 4137 1146 4150 .
1261 4130 1268 4154 ‚

172 4162 234 4226 qne
259 4140 407 4208 Christus
439 4144 585 4226 instituit,
618 4144 693 4228 quia
729 4143 782 4205 illa
819 4155 907 4205 erant
940 4142 1025 4203 dona
1064 4149 1383 4222 gractereetwnacoa.

170 4267 233 4331 qne
256 4247 356 4311 solius
379 4248 439 4311 Dei
463 4262 510 4313 est
532 4249 717 4313 concedere.

209 4481 233 4525 9.
247 4470 270 4514 A
285 4468 316 4512 na
331 4468 460 4515 teloaonir.
565 4481 592 4514 u.
607 4467 626 4512 B
641 4469 665 4514 la
680 4478 768 4524 marga
783 4466 846 4511 Pena
861 4464 993 4519 maledictle
1008 4464 1030 4510 A
1044 4465 1089 4522 Ap
1110 4462 1166 4511 data

168 4547 248 4584 tamea
263 4546 386 4594 repugnat.
467 4551 497 4584 aa.
511 4540 534 4584 A
550 4539 574 4584 ia
589 4550 676 4595 merge
690 4536 761 4583 Nota.
841 4536 877 4582 26.
891 4537 914 4581 A
928 4534 953 4581 la
968 4545 1056 4591 marga
1070 4532 1166 4581 Ceutrt

169 4606 254 4653 Tercle
276 4607 394 4653 obieceio.
418 4609 533 4664 Arguitur
546 4615 629 4654 contra
647 4606 835 4664 deacripclonem
854 4604 974 4662 privilegii
1004 4603 1097 4662 (Abete
1109 4600 1161 4649 1⁶3·

170 4678 270 4723 without
285 4678 351 4722 mark
365 4677 393 4724 ot
406 4678 543 4733 reference).
650 4690 689 4736 ²9·
702 4678 725 4722 A
740 4678 782 4733 Ap
796 4676 888 4734 privata
902 4682 925 4721 et
938 4684 1062 4721 concessa.
