3262 5226
339 445 456 540 enen]
718 461 960 517 osnocunstn

20 708 25 713 ,
60 716 63 729 ,
107 590 124 613 ·..
226 651 258 705 ι
272 637 397 706 ι33·ειι,
428 629 461 691 in
489 624 624 691 ecclesia
651 632 682 688 et
702 619 884 705 palliantes
905 640 926 683 a
948 622 1054 704 capite
1086 640 1150 685 non
1179 622 1332 687 recedere

339 744 454 799 contra
475 738 575 815 capnt
588 729 739 793 sentiunt.
763 724 910 788 Heretici
925 723 1029 810 inquit
1043 744 1116 788 cnm
1133 734 1209 789 onte
1222 727 1330 792 credi·

339 837 446 902 derint
465 834 640 918 scriptnris
658 850 720 917 qne
741 849 762 892 a
784 830 903 912 spiritu
924 838 1039 894 sancto
1060 830 1182 914 scripte
1202 841 1281 895 snnt
1301 840 1332 894 et

340 941 431 1018 edite,
460 938 670 1024 transsernnt
693 954 729 999 se
751 932 796 997 ad
819 953 921 998 noras
942 933 1111 998 doctrinas
1133 943 1165 997 et
1175 935 1330 1021 sermen-

271 1057 404 1118 133⁴tnm
414 1044 644 1129 phariseorum
661 1038 680 1077 *
696 1048 727 1102 et
742 1036 896 1101 mandata
911 1037 1088 1115 ltorninnm,
1104 1037 1247 1123 dumque
1261 1059 1330 1105 ser·

339 1168 463 1213 monem
478 1148 544 1210 Dei
557 1152 793 1226 contempnunt,
816 1144 929 1207 socrui
941 1162 1001 1208 sne
1008 1141 1148 1227 sacinnt
1161 1145 1329 1209 iniuriam.

383 1251 528 1317 Christus
540 1271 615 1336 ergo
627 1270 665 1313 ex
674 1249 739 1312 nita
749 1261 779 1313 et
790 1247 934 1312 doctrino
943 1246 1030 1312 venit
1040 1247 1204 1313 confutare
1216 1248 1331 1315 hereti·

340 1380 404 1441 cos,
413 1371 448 1421 ut
460 1351 859 1421 discernanturefidelibus
870 1366 901 1418 et
912 1353 1122 1438 postmodum
1137 1368 1331 1438 separentur.

341 1464 382 1527 Et
402 1460 446 1525 ita
467 1458 622 1525 subtiliter
643 1473 675 1523 et
697 1457 850 1522 catholice
872 1472 979 1542 potest
1001 1456 1134 1541 intelligi
1154 1445 1333 1523 secundum
1427 1482 1430 1486 ⁸

300 1566 427 1638 ,ohunc
442 1577 589 1629 sanctum
604 1583 660 1648 per
675 1562 787 1644 lilium,
810 1560 909 1625 filiam
924 1575 955 1626 et
970 1582 1089 1626 nurum
1102 1561 1261 1627 hereticus
1275 1562 1331 1649 qui

339 1683 484 1756 pretense
506 1682 537 1733 et
561 1666 636 1731 tuse
659 1688 693 1732 se
715 1666 860 1732 nominat
887 1665 990 1730 filium
1013 1666 1072 1731 Dei
1094 1665 1203 1751 patris,
1232 1665 1333 1733 filiam

341 1772 448 1838 matris
462 1793 530 1854 sue,
551 1770 711 1855 sapiencie·
722 1770 780 1835 Dei
795 1770 892 1855 patris
908 1784 939 1835 et
955 1790 1073 1835 nurum
1087 1770 1217 1856 spiritus
1232 1771 1332 1838 sancti

340 1893 371 1943 ει
383 1878 426 1941 sic
437 1876 699 1958 cognatissimum
712 1875 853 1940 trinitati.
866 1875 928 1940 Sed
938 1875 1001 1940 vita
1016 1891 1047 1941 et
1060 1876 1204 1941 doctrino
1213 1874 1330 1941 Christi
1358 1887 1412 1935 Tne
1425 1890 1469 1937 nt·
1482 1892 1532 1938 noe

341 1996 415 2048 sunt
429 1982 589 2066 optimum
604 1980 780 2065 speculum,
803 1980 856 2044 ubi
873 1995 1008 2066 possunt
1022 1981 1081 2045 hec
1096 1981 1241 2063 discerni,
1257 2002 1331 2046 cum
1339 1943 1438 2040 ctiit'ii¹¹

302 2086 545 2160 tsmnnilestum
567 2086 608 2150 sit
629 2087 717 2171 qnod
739 2085 846 2150 omnis
876 2085 977 2151 homo
999 2100 1030 2151 et
1052 2086 1160 2151 solum
1182 2085 1253 2152 talis
1275 2086 1329 2173 qui
1356 2059 1443 2198 ‘'fiii‘'

341 2206 388 2256 est
410 2190 442 2254 in
463 2190 527 2256 vitn
550 2204 582 2254 et
597 2189 738 2254 doctrina
754 2190 883 2256 Christo
900 2191 1076 2256 contrarius
1092 2206 1139 2256 est
1161 2191 1329 2274 hereticus,
1404 2165 1446 2199 κ’

342 2311 372 2361 ει
394 2294 498 2359 omnis
521 2294 708 2360 christianus
732 2309 762 2359 et
784 2294 892 2360 solum
914 2296 985 2360 talis
1007 2296 1064 2380 qui
1087 2309 1136 2362 est
1157 2296 1191 2360 in
1214 2295 1279 2361 vite
1299 2309 1331 2361 ει

342 2399 483 2465 doctrino
505 2399 633 2465 Christo
656 2398 829 2464 conformis
855 2415 961 2465 estut
983 2400 1027 2466 sic
1050 2400 1090 2464 ab
1112 2400 1215 2466 heresi
1238 2400 1328 2464 elon·

341 2520 442 2590 gatus.
466 2504 611 2570 Christus
634 2525 709 2591 ergo
732 2505 818 2570 venit
841 2526 907 2569 non
929 2506 970 2569 nd
992 2505 1176 2570 iaciendum
1192 2505 1330 2591 primam

301 2645 333 2682 so
341 2610 577 2695 separationem
598 2630 660 2696 que
692 2625 739 2675 est
760 2609 890 2696 proprie
919 2631 978 2695 per
999 2625 1178 2695 peccatum,
1212 2611 1269 2676 sed
1290 2611 1331 2675 sd

342 2715 520 2780 laciendum
535 2728 731 2801 sequentem,
748 2729 782 2780 ut
803 2735 860 2800 per
875 2736 951 2780 eum
970 2715 1187 2781 discernantur
1201 2714 1330 2780 heretici

341 2835 372 2885 et
393 2822 433 2885 ab
455 2821 585 2885 ecclesia
607 2833 799 2905 separentur.
833 2821 874 2885 Et
896 2820 955 2885 hec
977 2819 1062 2885 racio
1085 2840 1181 2907 quere
1206 2833 1331 2905 oportet

341 2947 473 2990 omnem
494 2925 687 2989 catlmlicum
710 2944 901 3009 cognoscere
923 2924 1112 3011 scripturam
1134 2946 1265 2993 socrum.
1288 2926 1330 2991 Et

341 3045 443 3095 certus
474 3051 548 3095 sum
578 3028 676 3114 qnod,
707 3027 779 3093 licet
812 3029 924 3114 prelati
947 3029 1047 3095 nostri
1074 3029 1179 3114 ipsam
1201 3044 1233 3095 et
1254 3050 1330 3116 pro·
1431 3051 1434 3058 ·

299 3151 330 3204 25
341 3134 473 3200 sessores
489 3156 566 3199 suos
576 3132 729 3217 dissipant
744 3147 775 3197 ει
790 3135 988 3218 conculcant,
1003 3134 1124 3220 lapides
1136 3134 1330 3218 clamabunt,

341 3239 402 3304 hoc
424 3254 481 3321 est,
504 3237 660 3304 seculares
682 3237 804 3301 domini
826 3238 972 3304 insensu
995 3240 1147 3325 scripture
1163 3261 1181 3304 a
1196 3239 1331 3304 domino

340 3344 486 3410 illustrati
519 3342 689 3408 detondent
725 3341 821 3407 fidem
850 3343 1049 3428 catholicam,
1083 3343 1159 3431 quia
1194 3343 1331 3431 pharisei
1415 3424 1426 3450 l

341 3450 484 3513 volentes
514 3447 663 3512 obturare
695 3468 749 3511 orn
772 3447 1004 3534 discipulorum
1026 3447 1216 3534 scripturam
1237 3449 1331 3514 istem

341 3552 567 3618 confitentium
578 3551 744 3617 audierunt
755 3553 901 3619 divinum
915 3555 1215 3638 responsnmsDico
1230 3553 1331 3635 robis,

300 3670 334 3724 30
342 3661 417 3744 qnia
432 3659 462 3723 si
476 3659 522 3723 itii
537 3659 699 3722 tacnerint
714 3659 840 3743 lapides
854 3659 1054 3738 clamabunt,
1071 3660 1158 3724 Luce
1167 3660 1267 3743 xm,
1276 3677 1329 3741 40.

343 3764 491 3849 Magnam
514 3762 600 3827 enim
621 3761 688 3826 vim
709 3762 804 3828 habet
826 3764 939 3830 veritas
961 3763 1199 3849 scripturarum.

386 4015 402 4049 ι.
410 4002 437 4048 ln
445 4001 515 4052 codd·
522 4001 592 4048 falses
604 4003 651 4049 hoe
657 4011 693 4049 est
702 4003 808 4049 ecclestn
891 4001 1148 4061 ⁴·8211202smnffl13
1163 4003 1196 4050 lbi
1211 4004 1236 4051 tn
1247 4004 1330 4054 ooddn

343 4085 397 4119 ecce
406 4072 555 4118 trrnslerunt
626 4085 651 4131 9.
664 4072 696 4118 Βι
710 4079 810 4131 possunt
823 4073 928 4131 intelligi.
992 4083 1021 4118 ιι.
1036 4071 1054 4116 Β
1068 4072 1092 4118 ln
1107 4086 1187 4131 merge
1201 4074 1331 4132 Quomodo

342 4142 457 4189 hereticus
470 4151 505 4189 est
520 4144 582 4189 tillus
596 4144 678 4190 mettis
691 4156 734 4189 sue
748 4143 867 4203 sspicncie
882 4143 923 4188 Del
938 4143 1019 4200 patris.
1087 4144 1116 4190 13.
1131 4143 1162 4188 Βι
1176 4141 1223 4190 Sed
1238 4151 1261 4190 ει
1274 4142 1328 4190 vite.

343 4223 377 4266 ιι.
391 4213 464 4271 Amr
486 4213 527 4259 obt
541 4219 651 4272 poterunt
664 4213 774 4260 discerni.
788 4213 837 4260 ΑΒ
851 4214 875 4260 in
889 4224 966 4270 merge
986 4211 1125 4259 Conclusio.
1230 4213 1262 4259 nti
1275 4213 1294 4259 Β
1307 4213 1331 4259 ln

342 4293 419 4339 msrgs
432 4280 504 4329 Notos
519 4283 576 4342 qnid
590 4291 625 4330 cst
638 4284 754 4330 hereticus
829 4283 889 4330 ειΒ
903 4284 927 4329 in
941 4295 1009 4341 marg
1022 4283 1062 4338 (ed
1076 4282 1150 4342 prlor.
1163 4283 1207 4329 loc.
1223 4283 1330 4341 pertinet)

340 4349 407 4396 Tulit
419 4364 457 4398 me
470 4361 544 4400 meter
558 4355 849 4413 mestnunocrpittorntn
860 4364 977 4400 meorum.
1005 4356 1009 4370 ‘
1056 4365 1092 4411 ²7·
1107 4352 1140 4398 Βι
1153 4353 1294 4400 cstholicrm
1306 4360 1330 4400 et

342 4419 450 4474 pherisei.
528 4421 564 4469 2⁸.
578 4425 613 4470 Αι
627 4423 743 4471 obtursre.
796 4423 833 4471 30.
847 4423 865 4469 Β
878 4423 904 4470 ln
918 4434 996 4480 mergo
1012 4421 1076 4468 Luce
1089 4433 1122 4481 ις.
1176 4461 1179 4468 ,

1440 1943 1484 2001 ing
1497 1943 1528 1989 ot

1448 1997 1557 2043 mthe

1426 2046 1522 2107 by·

1457 2047 1556 2199 ..pe
