3262 5226
208 353 277 401 cru.
291 336 366 429 arn]
574 355 620 407 ne
638 352 817 407 ecccestn

94 535 124 590 x
139 532 197 603 ¹7⁴⁶
208 516 249 580 ris
258 515 405 597 dominii;
419 534 494 595 ergo
503 511 634 597 quilibet
643 511 776 596 simplex
791 512 934 574 sacerdos
944 509 1038 575 habet
1054 510 1186 575 titulum

208 623 246 685 de
261 622 328 685 iure
337 621 377 682 ad
391 617 620 681 dominandum
637 615 814 680 seculariter
825 615 882 680 toti
899 615 1032 678 mundo.
1053 615 1116 680 Sed
1134 613 1185 677 dic

207 723 406 810 buphotracti
422 720 576 785 maledicti
592 734 640 784 tot
655 718 825 801 dominati;
840 735 915 784 tunc
930 718 1016 783 enim
1030 740 1089 784 nec
1105 717 1185 782 loret

207 832 285 894 ordo
295 849 353 893 nec
362 827 459 891 civilis
467 825 656 907 dominacio,
664 847 719 889 nec
729 839 888 911 oporteret
897 822 1186 908 sacerdotesacqui·

181 953 271 1006 srere
287 933 346 996 sibi
366 932 474 996 titulos
493 929 526 992 in
540 930 740 1013 suscipiendo
755 929 893 1008 ordines,
915 949 989 991 cum
1013 927 1069 991 illo
1092 927 1185 991 titulo

206 1038 355 1102 ordinum
378 1035 531 1100 excellunt
553 1034 731 1098 seculariter
745 1033 917 1119 quemlibet
932 1053 1039 1117 regem
1062 1030 1184 1099 mundi.

173 1162 194 1213 4
248 1141 337 1220 item,
359 1159 467 1222 parem
489 1152 676 1222 potestatem
692 1137 877 1202 dominandi
894 1137 1072 1201 seculariter
1091 1135 1186 1201 habet
1198 1150 1253 1195 voto
1267 1150 1357 1198 tndem
1371 1164 1408 1199 on

205 1245 337 1329 quilibet
352 1244 501 1328 presbiter
523 1243 608 1328 regni
632 1245 742 1324 nostri,
765 1244 846 1307 sicut
866 1243 993 1306 haberet
1015 1242 1184 1327 supposito
1194 1205 1273 1300 miii
1287 1204 1360 1301 llewc

205 1350 292 1434 quod
315 1348 382 1430 ipse
405 1348 491 1411 solus
507 1346 587 1410 loret
602 1351 747 1411 sacerdos
770 1349 801 1410 in
818 1347 932 1432 Anglia
954 1362 986 1411 et
1008 1367 1061 1410 rex
1077 1360 1184 1410 noster
1197 1306 1341 1416 erasm!
1354 1320 1406 1355 ω

165 1453 401 1537 ,oconquireret
425 1466 584 1538 quotquot
605 1473 712 1536 regna,
740 1455 795 1517 sed
818 1468 893 1517 tunc
926 1451 1007 1515 loret
1037 1449 1184 1515 secularis

204 1557 354 1619 dominus
384 1556 554 1640 capitaliter
583 1557 730 1622 omnium
762 1559 923 1620 bonorum
953 1555 1041 1639 regni
1073 1554 1182 1618 nostri.

204 1663 288 1744 Ergo
310 1675 342 1725 et
365 1662 462 1725 modo
485 1662 524 1724 de
546 1662 623 1726 iure.
656 1663 755 1726 Aliter
777 1660 864 1725 enim
890 1676 1073 1746 sequeretur
1093 1662 1184 1746 quod

204 1766 301 1829 civilis
345 1765 525 1830 dominacio
569 1788 652 1850 pape
695 1768 885 1851 dependeret
929 1766 968 1828 ab
1005 1765 1183 1851 integritate

203 1870 433 1934 dominacionis
449 1871 581 1955 imperii,
604 1885 634 1934 et
655 1893 709 1954 per
723 1892 931 1955 consequens,
954 1892 1035 1956 papa
1052 1870 1182 1936 nitendo

163 1976 360 2049 ,sdestruere
383 1975 560 2060 imperium,
582 1977 754 2040 destrueret
777 1976 941 2060 proprium
963 1975 1055 2040 civile
1076 1976 1181 2039 dorni·

204 2080 303 2160 nium,
338 2080 385 2143 vel
414 2079 439 2141 si
470 2079 537 2162 ipse
568 2080 661 2143 debet
691 2080 849 2144 dominari
879 2078 1057 2143 seculariter
1084 2101 1183 2171 supet

202 2206 314 2248 omnes
352 2185 499 2248 naciones
540 2184 603 2247 iarn
640 2183 790 2266 infideles,
835 2205 891 2268 per
926 2184 1011 2248 idern
1048 2184 1182 2269 quilibet

202 2291 345 2353 sacerdos
366 2290 460 2354 habet
481 2289 530 2353 ius
551 2292 591 2353 ad
615 2291 716 2356 taliter
737 2290 979 2356 dominandum.

172 2416 191 2467 5
245 2395 333 2475 ltem,
356 2409 432 2458 tunc
455 2394 658 2478 superflueret
687 2410 770 2459 carta
792 2393 904 2458 cesaris
927 2407 1092 2480 tamquam
1119 2397 1179 2461 im·
1207 2424 1379 2474 ermom„

160 2536 191 2570 20
201 2499 358 2583 possibilis
380 2515 410 2562 et
432 2499 577 2579 heretica,
605 2520 670 2562 non
694 2520 768 2584 ergo
793 2500 1022 2583 incorporanda
1045 2500 1125 2565 loret
1147 2479 1404 2579 inlissfflfitilffi

201 2625 320 2668 canone
333 2617 495 2690 tamquam
512 2603 593 2690 paris
603 2604 798 2669 auctoritatis
810 2625 884 2669 cum
896 2603 985 2668 dictis
997 2619 1179 2669 sanctorum
1190 2582 1402 2694 ffliiliiliffssi

201 2710 380 2791 doctorum,
403 2723 439 2775 ut
461 2724 547 2793 patet
567 2710 684 2775 XCVI·
703 2711 733 2775 d.
760 2709 1006 2788 Corrstantinrrs;
1026 2709 1070 2772 ibi
1093 2709 1180 2774 enim
1234 2688 1353 2735 mm

200 2813 313 2877 dicitur
344 2816 431 2900 quod
462 2815 691 2879 Constantinus
723 2829 836 2898 quarto
870 2813 920 2876 die
950 2813 998 2877 sui
1029 2813 1178 2899 baptismi
1236 2812 1238 2816 ’

200 2917 333 2982 contulit
354 2919 552 3004 privilegium
571 2920 719 2981 Romano
742 2914 883 3001 pontifici
900 2931 931 2982 et
950 2918 1107 2984 ordinavit
1132 2933 1179 3002 ut,

158 3024 281 3095 25sicut
308 3025 375 3110 ipse
405 3025 538 3109 imperat
567 3022 635 3085 aliis
669 3020 803 3104 regibus,
838 3018 881 3084 sic
912 3022 979 3085 eius
1010 3023 1179 3108 episcopus

199 3128 267 3193 aliis
298 3127 521 3207 sacerdotibus,
564 3123 649 3188 unde
688 3124 805 3189 iudicat
847 3139 877 3189 et
912 3126 1060 3191 discernit
1090 3130 1178 3212 quod

199 3232 365 3317 episcopus
380 3232 545 3295 Romanus
559 3228 672 3292 habeat
691 3232 883 3311 potestinem
905 3231 1012 3294 utendi
1037 3231 1178 3316 insigniis

197 3338 363 3421 regalibus,
389 3336 474 3398 unde
495 3347 526 3397 et
547 3331 705 3413 sanccivit‚
739 3333 816 3398 dixit
848 3349 877 3398 et
899 3335 1059 3399 consuluit
1089 3339 1178 3421 quod

198 3441 307 3504 ditavit
322 3460 358 3503 ac
373 3458 429 3501 sua
439 3435 579 3521 largitate
590 3437 744 3501 concessit
759 3453 790 3503 et
805 3459 843 3501 ex
854 3438 1005 3522 imperiali
1021 3454 1177 3523 potestate

156 3564 189 3615 30
198 3541 306 3606 statuit
329 3554 361 3605 et
379 3538 575 3604 confirmavit
598 3555 756 3626 utusque
783 3542 816 3606 in
839 3540 935 3605 finem
957 3543 1068 3607 mundi
1091 3545 1177 3608 dona

234 3756 253 3789 a.
268 3744 291 3788 A
300 3744 342 3799 An
357 3740 404 3788 Sed
414 3742 483 3799 dunas
496 3743 535 3790 hic
548 3744 625 3802 aliqua
640 3744 711 3791 verbs
725 3744 839 3792 excidisse
853 3745 968 3791 videntur.
987 3745 1052 3804 Quid
1066 3746 1113 3794 sibl
1126 3748 1176 3795 vult

195 3815 240 3859 troc
257 3813 354 3859 verbum
373 3811 533 3866 bupbotracti?
553 3813 716 3860 Verisimlllter
728 3815 866 3872 legendam:
885 3815 929 3860 Dte
942 3814 999 3860 balo
1012 3816 1082 3861 erstls
1102 3818 1175 3863 nale·

195 3882 250 3928 dictl
259 3888 294 3927 tot
303 3880 417 3925 dominati
428 3880 564 3936 (llatrhevr).
653 3894 683 3929 rs.
693 3885 726 3929 As
736 3884 810 3929 modo
820 3884 849 3929 de
856 3891 942 3939 metre;
956 3887 987 3943 Α,
998 3887 1026 3932 de
1036 3896 1110 3935 matre
1119 3901 1174 3937 cer·

195 3952 252 3996 rexit
265 3952 303 3996 lm
318 3950 459 3996 dominetur.
537 3964 574 4007 ²4·
584 3952 615 3999 lis
625 3953 755 4000 contulerit.
834 3965 868 4010 ²7·
878 3952 896 3998 B
905 3954 929 3999 ia
940 3967 1024 4014 merge
1035 3957 1079 4004 llic
1088 3959 1175 4016 probet

193 4020 256 4078 qaod
270 4030 334 4077 pepe
347 4018 416 4065 hebet
425 4022 585 4068 auctoritrtenr
596 4023 734 4068 dominandi
744 4022 844 4085 cirillter
856 4037 870 4069 s
883 4037 965 4071 cesare
974 4027 1015 4072 sed
1029 4039 1076 4074 non
1090 4028 1174 4075 abeo.

238 4177 279 4234 23.
298 4176 348 4231 llic
370 4192 515 4232 memorate
539 4195 555 4233 e
581 4182 703 4234 decretali
727 4183 922 4238 Constantinus
948 4187 1056 4240 mutetis
1082 4198 1172 4242 tamea

194 4262 295 4332 aliquot
313 4265 399 4319 verbis
417 4265 572 4337 deprompta
589 4279 658 4322 suut.
678 4308 681 4315 .
