3262 5226
350 452 484 547 unq
733 473 979 531 numme

238 651 263 706 r
280 649 340 704 ιόι·
352 631 500 717 precipue
523 629 655 695 trahitur
676 631 716 694 ab
738 630 988 697 inhabitantibus
1002 631 1094 697 illum
1108 633 1227 714 locum,
1240 647 1330 718 patet

352 737 440 822 quod
462 734 532 799 talis
554 735 787 800 monachorum
808 734 943 802 inleccio
969 738 1100 823 derogat
1121 736 1275 803 sanctitati
1297 751 1330 803 et

352 838 527 905 reverencie
548 837 610 903 loci
633 859 732 923 quarn
754 861 806 905 rex
828 840 1029 926 privilegians
1051 840 1242 908 intendebat.
1270 844 1276 856 '
1616 915 1619 920 ,

312 967 343 1022 0
394 947 459 1010 Nec
482 943 563 1006 valet
583 942 685 1008 dicere
708 942 757 1031 (ut
778 944 885 1010 audivi
908 946 1068 1031 quosdam
1089 942 1219 1036 lingere)
1240 947 1330 1033 quod
1343 956 1451 1006 Μαι·
1463 969 1553 1026 quq«

327 1048 431 1125 sinim
452 1049 560 1112 locum
581 1046 733 1113 haberent
747 1049 885 1114 iniuriati
907 1064 1018 1115 contra
1033 1049 1185 1136 profugos
1199 1071 1328 1137 respon·
1345 1011 1551 1125 &eiiii-'iiii

328 1155 461 1230 1dentes
493 1152 611 1220 ibidem
644 1152 765 1218 iusticie
797 1155 1080 1238 complementum.
1116 1155 1223 1220 Primo
1254 1116 1558 1268 quiagvuotrti‘s'ffi·

351 1258 430 1322 ritus
452 1260 539 1342 regni
561 1259 724 1324 laudabilis
746 1259 778 1322 in
800 1258 949 1324 habendo
971 1260 1078 1324 iorum
1092 1260 1331 1326 contenciosum
1455 1234 1465 1280 ¹
1549 1255 1558 1279 '

352 1364 384 1426 in
407 1365 479 1429 loco
501 1364 669 1450 prophano
692 1384 757 1427 non
779 1364 874 1428 debet
895 1363 928 1427 in
950 1364 1088 1429 domum
1109 1364 1263 1430 oracionis
1280 1365 1332 1430 vel

352 1468 461 1532 locum
489 1483 634 1533 sanctum
664 1482 794 1553 propter
818 1469 882 1533 tale
908 1468 1101 1534 maleficium
1122 1469 1331 1535 transmutari.

323 1574 501 1650 asecundo
523 1573 598 1663 quia
620 1572 783 1638 monachis
805 1594 866 1659 pro
897 1594 1038 1660 quorum
1060 1573 1165 1661 quiete
1185 1595 1239 1638 rex
1264 1582 1476 1640 timerium-r
1490 1587 1559 1634 triste

354 1692 458 1743 tenere
489 1679 668 1763 procuravit
698 1677 865 1743 inferretur
898 1678 1075 1763 dampnum
1106 1678 1221 1761 anime,
1255 1679 1331 1765 quia
1363 1637 1533 1789 iffi&

353 1783 544 1868 inquietacio
555 1804 573 1846 s
585 1783 857 1868 contemplacione
866 1782 1039 1848 distrahens
1049 1783 1138 1848 cuius
1147 1784 1333 1869 oppositum
1492 1778 1501 1802 ⁹

321 1888 552 1974 aprivilegians
567 1889 759 1954 intendebat.
783 1888 898 1953 Tercio
914 1889 988 1975 quia
1003 1904 1112 1954 contra
1126 1888 1174 1952 ius
1188 1888 1332 1953 divinum
1366 1899 1437 1994 gro
1449 1910 1496 1945 vu
1509 1914 1525 1947 a

353 2009 384 2058 et
399 1994 447 2057 ius
463 1993 590 2059 ecclesie
601 2009 647 2058 est
656 1993 772 2058 violare
784 2014 937 2079 sponsam
946 1993 1061 2059 Christi
1074 1994 1123 2057 vel
1136 1993 1243 2056 locum
1252 1992 1330 2058 eius.
1340 1951 1459 2049 eauri'ii
1474 1965 1560 2052 livii·

313 2100 446 2174 ¹5Unde
469 2100 528 2164 Vl⁰
550 2098 773 2179 Decretalium,
796 2099 849 2163 De
871 2099 1075 2163 immunitate
1095 2098 1239 2181 ecclesie,
1262 2118 1332 2183 cap.
1362 2061 1390 2099 ω
1404 2055 1494 2102 ’Μ
1508 2057 1545 2110 ¹⁸⁴

355 2205 464 2280 Decet,
488 2217 658 2289 postquam
674 2202 858 2279 ‚ostenditur
879 2224 917 2266 ex
940 2202 1093 2287 scriptura
1114 2202 1202 2288 quod
1224 2201 1333 2268 multi·

354 2308 476 2392 pliciter
491 2309 579 2371 decet
594 2306 741 2372 sanctitas
756 2308 891 2371 domurn
907 2307 976 2390 Dei,
992 2306 1036 2371 sic
1051 2306 1193 2373 infertur:
1211 2303 1335 2373 Nullus

353 2414 386 2475 in
411 2412 490 2476 locis
512 2412 631 2477 eisdem
663 2414 696 2476 in
720 2412 836 2496 quibus
859 2431 1036 2495 cumpace
1060 2431 1101 2475 ac
1131 2412 1236 2495 quiete
1260 2422 1335 2477 mre

354 2520 503 2581 convenit
515 2518 686 2596 celebrari,
696 2517 891 2582 sedicionem
908 2518 1033 2597 excitet,
1043 2515 1334 2583 conclamationem

311 2631 491 2703 2⁰vnoveat,
526 2622 718 2706 impetumve
740 2623 939 2701 committat,·
961 2633 1085 2687 cessent
1109 2621 1231 2687 inillis
1261 2624 1335 2688 uni·

354 2726 544 2790 versitatum
575 2738 604 2790 et
634 2728 821 2792 societatum
852 2727 991 2811 quelibet
1023 2726 1171 2809 consilia,
1204 2746 1334 2795 concer-

353 2832 497 2896 taciones
528 2843 556 2896 et
583 2832 717 2915 publica
743 2831 985 2915 parliamenta,·
1018 2843 1143 2897 cessent
1178 2853 1264 2898 uana
1304 2847 1337 2901 et

355 2938 457 2999 multo
470 2937 603 3023 sorcius
620 2936 708 3022 sedo
742 2947 772 3000 et
797 2937 974 3020 prophana
1008 2937 1181 3022 colloquia,
1213 2951 1338 3006 cessent
1370 2985 1374 2992 -

99 3113 106 3125 ι
353 3038 640 3125 confabulaciones
653 3040 803 3125 quelibet,
818 3040 878 3105 sed
885 3053 1052 3124 postremo
1066 3063 1255 3127 quecunque
1267 3046 1337 3110 clia

111 3159 118 3169 ·
219 3133 222 3139 ⁴
312 3170 344 3220 25
358 3165 419 3228 que
453 3145 597 3208 divinum
625 3157 759 3230 possent
789 3147 928 3211 turbare
959 3146 1104 3233 officium
1136 3158 1194 3213 eui
1224 3150 1336 3216 oculos

354 3251 463 3313 divine
503 3250 678 3315 maiestatis
711 3250 877 3334 offendere
913 3252 978 3314 sint
1011 3252 1051 3316 el
1087 3254 1166 3337 ipsis
1193 3273 1338 3337 prorsus

356 3365 525 3431 extranea,
557 3375 597 3419 ne
627 3356 682 3418 ubi
697 3366 909 3438 peccatorum
939 3367 987 3420 est
1010 3357 1104 3422 venia
1121 3359 1336 3441 postulanda,

355 3460 399 3522 ibi
403 3460 564 3543 peccandi
578 3460 675 3525 detur
690 3461 816 3524 occasio
832 3470 891 3524 aut
904 3461 1191 3546 deprehendantur
1197 3474 1337 3546 peccata

356 3566 518 3628 committi.
564 3576 686 3629 cessent
717 3565 749 3628 in
781 3566 927 3630 ecclesiis
959 3585 1140 3651 earumque
1171 3570 1337 3634 cimiteriis

312 3691 346 3743 30
358 3671 601 3754 negociaciones
616 3679 647 3733 et
660 3671 818 3753 precipue
835 3669 1072 3734 nundinorum·
1083 3690 1124 3734 ac
1135 3671 1213 3758 sori
1226 3673 1335 3738 cuius·

393 3906 417 3947 4.
439 3893 461 3937 A
482 3892 499 3937 li
520 3891 543 3938 ln
565 3905 651 3950 marga
671 3891 805 3950 Responsio
825 3892 887 3937 ficta.
992 3905 1022 3938 tr·
1041 3893 1066 3939 ln
1086 3893 1169 3939 ceddi
1189 3892 1336 3942 insereretur.

356 3963 384 4009 ri.
399 3965 421 4009 A
435 3964 458 4009 ia
474 3976 560 4020 marga
574 3963 636 4009 Note
650 3976 693 4021 pro
708 3963 853 4009 immunitate
866 3963 1027 4010 ecclesiaram.
1080 3975 1116 4008 so.
1125 3976 1156 4010 ar.
1170 3962 1239 4009 Dece.
1252 3964 1335 4012 iubete

355 4033 414 4079 loeis
423 4033 468 4078 iliis
479 4033 653 4080 universitatum
661 4042 684 4080 et
693 4034 830 4079 societatum
838 4034 996 4092 quarumlibet
1007 4034 1114 4089 concilia,
1123 4035 1250 4081 moriones
1263 4042 1287 4080 et
1296 4066 1304 4081 .
1313 4067 1334 4082 ..

355 4102 391 4148 28.
405 4104 427 4148 A
440 4104 486 4160 ⁸1³
500 4112 595 4161 peccets
609 4104 696 4162 quieta.
800 4113 835 4158 ²9.
851 4105 874 4150 A
888 4104 911 4148 in
927 4116 1017 4160 marg-r
1036 4103 1099 4150 Nota
1118 4112 1199 4150 contra
1217 4104 1333 4150 nundinas

356 4181 379 4217 er
392 4173 506 4218 secularia
520 4172 618 4231 negocia
632 4174 655 4218 in
669 4174 729 4219 iocis
742 4172 823 4218 siens.
842 4172 860 4216 ii
875 4172 898 4218 in
913 4185 1000 4230 marae
1014 4172 1068 4231 Que
1082 4173 1236 4233 probibentur
1248 4173 1298 4220 teri
1311 4174 1336 4220 ia

355 4242 463 4289 ecclesiis
478 4250 501 4289 et
515 4255 595 4290 esrum
610 4242 739 4291 cimiteriis.

402 4376 1059 4474 immmmmmnummn
