3262 5226
142 464 278 559 canas]
519 482 567 535 us
585 479 784 535 accusem·
1288 487 1355 554 227

87 658 135 717 ω
187 642 244 705 Est
267 640 353 703 enim
374 641 414 703 ad
437 636 640 723 propositum
667 636 741 700 dare
768 635 885 720 duplex
907 655 1011 720 genus
1033 637 1316 722 pelvi-rupero*
1331 654 1354 700 u

146 746 230 829 legii,
263 744 379 809 scilicet
402 741 603 827 privilegium
626 742 713 827 quod
734 738 848 804 residet
876 739 909 803 in
931 740 1047 806 incolis
1070 703 1355 855 lodffiflilffiw

143 849 215 915 talis
251 864 283 913 et
317 845 519 933 privilegium
555 846 644 931 quod
677 843 891 909 individuetur
928 844 961 909 in
997 866 1133 931 persona
1146 820 1262 958 phisit-
1287 810 1348 925 Ἓξ,

144 952 278 1038 rugum,
311 973 386 1016 eum
418 949 552 1035 qurnbet
583 949 654 1014 aus
686 948 801 1034 ugnus
831 948 946 1013 nabere
979 949 1133 1037 privilegii
1168 912 1347 1064 seireff-¹¹·

119 1056 258 1141 §prioris
279 1052 477 1139 suffragium,
503 1053 600 1118 habet
625 1052 659 1116 in
686 1074 719 1118 se
747 1052 904 1138 singulare
932 1053 1135 1140 privilegium
1194 1025 1245 1075 ’ω
1354 1100 1358 1107 -

143 1181 161 1222 a
189 1159 354 1244 privilegio
376 1157 505 1223 ecclesie
532 1159 749 1242 exemplatum
776 1156 866 1222 cuius
897 1158 1133 1243 proteccionem

144 1280 190 1329 cst
217 1264 334 1347 dignus
361 1262 505 1327 amittere
536 1261 616 1326 dum
650 1261 789 1347 ingratus
822 1260 917 1326 luerit
945 1262 1039 1327 matri
1065 1284 1133 1329 sue.

147 1368 186 1432 lit
214 1367 266 1431 hic
298 1387 377 1452 rogo
408 1366 514 1451 primo
546 1364 741 1451 professores
772 1365 851 1431 iuris
883 1364 1029 1431 canonici
1056 1387 1133 1431 con·

144 1471 280 1535 siderare
296 1471 465 1556 quomodo
479 1471 601 1536 dictum
623 1484 775 1535 vocatum
790 1470 993 1557 privilegium
1013 1471 1135 1536 nedum

105 1596 211 1645 ,onon
244 1575 396 1639 fundatur
426 1574 459 1639 in
491 1575 558 1639 iure
590 1595 661 1656 suo,
693 1577 747 1639 sed
781 1574 947 1639 manifeste
980 1580 1136 1661 repugnet

146 1680 261 1762 eidem,
283 1699 358 1743 cum
380 1678 430 1742 lex
453 1679 584 1744 ecclesie
606 1678 681 1743 dicit
697 1680 785 1764 quod
808 1679 840 1743 in
862 1680 953 1745 nullo
975 1679 1135 1744 dictorum

146 1784 290 1868 quinque
300 1803 432 1849 casuum
443 1782 595 1869 fugitivus
604 1785 644 1848 ad
655 1783 818 1848 ecclesiam
827 1782 1134 1871 habebitrelugium,

147 1889 202 1951 sed
216 1887 417 1973 priuilegium
432 1902 617 1973 pretensum
630 1888 706 1953 dicit
717 1890 804 1973 quod
816 1887 849 1952 in
861 1888 1007 1974 quolibet
1021 1908 1135 1954 corum

146 1992 274 2057 habebit
297 1991 468 2079 refugium,
491 2007 523 2058 ct
545 2014 621 2058 cum
643 1992 701 2057 iste
724 2014 835 2057 sensus
850 1993 975 2059 videtur
989 2007 1056 2058 tam
1078 2014 1135 2079 pa·

107 2109 249 2165 rstenter
271 2117 446 2181 repugnare
469 2097 528 2161 iuri
556 2097 723 2178 canonico,
750 2097 810 2181 legi
840 2096 994 2183 scripture
1021 2110 1053 2162 et
1075 2095 1134 2181 legi

146 2200 353 2281 consciencie,
376 2204 591 2266 verecundum
609 2216 640 2266 et
654 2201 870 2287 periculosum
887 2214 969 2265 esset
985 2215 1134 2266 vocatum

149 2304 349 2391 privilegium
363 2319 429 2369 turn
446 2306 650 2390 dampnabile
666 2320 696 2370 et
711 2305 885 2370 hereticum
900 2320 968 2370 tarn
983 2305 1136 2369 instanter

93 2408 326 2492 oudelendere,
349 2410 428 2474 veris
452 2411 622 2497 privilegiis
645 2411 772 2475 ecclesie
796 2409 1015 2496 pretermissis.
1030 2409 1050 2450 ⁸

554 2760 649 2828 CAP.
671 2758 725 2825 Xl.

109 2948 135 3000 Α
188 2930 273 2994 Cum
308 2931 480 2995 elemosina
517 2946 679 2996 tantorum
716 2932 896 3017 principum
935 2955 1001 2999 non
1040 2935 1356 3003 debetnemrwr

144 3036 279 3098 omnino
312 3036 452 3119 extingui
484 3051 615 3121 propter
645 3037 803 3101 sinistram
837 3037 1135 3124 interpretacionem
1159 3005 1338 3064 ‘mmm

144 3140 362 3221 nbutcncium,
389 3140 470 3204 sicut
493 3162 550 3205 nec
573 3141 687 3205 veritas
710 3142 863 3227 scripture
885 3165 970 3208 sacre
994 3143 1133 3210 lrustrsri

145 3244 239 3308 debet
265 3265 283 3306 a
316 3265 375 3307 suo
404 3246 524 3309 lumine
552 3261 682 3331 propter
708 3246 861 3312 hereticos
889 3249 1134 3335 quLsinistrum

145 3367 275 3411 sensum
298 3349 464 3413 occasione
496 3351 579 3413 male
611 3366 737 3435 accepta
765 3373 802 3415 ex
825 3352 892 3437 ipsa
914 3353 1056 3437 eliciunt,
1087 3354 1134 3418 vi·

102 3468 134 3521 25
146 3450 286 3514 dendum
311 3467 357 3516 est
372 3455 411 3516 ad
427 3475 526 3537 quem
541 3476 672 3519 sensum
688 3456 809 3521 dictum
824 3457 1027 3543 privilegium
1042 3459 1135 3524 debet

146 3556 282 3640 concipi,
299 3569 334 3619 ut
355 3572 517 3622 remaneat
533 3572 599 3622 tam
615 3579 762 3644 requam
778 3561 910 3626 nomine
932 3562 1135 3650 privilegium

146 3660 325 3745 utrobique.
350 3661 449 3744 lgitur
472 3663 628 3748 inprimis,
660 3684 734 3728 cum
762 3665 848 3730 illius
875 3666 917 3730 sit
938 3667 1150 3752 interpretari,

146 3764 231 3845 leges
254 3785 288 3827 ac
313 3763 475 3850 privilegia
497 3767 587 3831 cuius
610 3782 656 3831 cst
676 3769 811 3833 condere
835 3769 885 3857 (ut
907 3784 994 3855 patet
1019 3773 1134 3854 ΚΝ,

121 3886 174 3953 rq.
200 3868 221 3950 l,
246 3868 322 3932 Ideo
351 3872 571 3952 permittente,
599 3886 631 3937 et
657 3873 703 3938 V⁰
726 3874 947 3956 Decretalium,
981 3876 1028 3939 De
1055 3875 1133 3940 Sen-

183 4067 199 4100 ι.
220 4054 274 4100 ΑΒ
294 4055 317 4101 ln
333 4069 420 4114 mergo
444 4058 537 4117 Duplex
557 4060 713 4117 privilegium.
818 4061 842 4108 8.
863 4064 885 4108 Α
905 4062 929 4109 lu
951 4075 1040 4121 marm
1063 4063 1133 4112 Note.

144 4123 175 4170 rt.
190 4125 219 4170 Be
239 4125 309 4170 vires.
414 4139 449 4173 ao.
468 4133 490 4174 Α
505 4130 529 4174 lu
544 4142 631 4187 maras
652 4131 729 4187 (blech
748 4130 787 4176 lalr
808 4132 854 4177 aad
873 4133 914 4178 red
929 4132 992 4190 lulls
1013 4132 1074 4193 Cap.
1088 4143 1133 4182 u·.

142 4192 177 4239 st.
193 4193 210 4239 Β
225 4196 364 4243 canuam

188 4318 229 4372 28.
248 4320 323 4374 Decr.
336 4324 358 4377 ll
386 4340 455 4393 pars,
473 4340 553 4377 causa
564 4327 645 4394 XXV,
662 4343 689 4397 q.
708 4327 728 4395 l,
745 4341 768 4381 c.
786 4328 845 4381 XVI
863 4339 889 4381 et
902 4329 978 4383 nect.
998 4305 1077 4398 Greg.
1092 4331 1133 4397 lx,

144 4405 187 4457 lib.
207 4406 240 4472 V,
257 4409 295 4461 tlt.
315 4411 429 4476 ΧΧΧΙΧ,
448 4426 505 4482 cap.
524 4413 617 4467 xxxi.

1016 4503 1065 4558 ,50
