3262 5226
198 462 350 556 mm]
581 481 827 535 nemum.

95 659 122 713 Β
138 655 264 727 rerpcr
275 640 369 703 istam
383 638 571 723 particulam
583 658 658 703 cum
668 639 820 723 paribus.
834 637 1005 725 Contingit
1019 654 1128 705 autem
1142 661 1203 726 per

208 744 355 809 accidens
374 743 569 808 occisionem
582 743 726 807 hominis
747 742 800 805 vel
821 742 891 806 eius
905 743 1114 828 puniciouem
1129 765 1200 812 ersa

207 848 309 932 magis
339 847 539 929 autenticam,
571 848 648 934 quia
680 848 755 932 plus
786 848 857 911 Deo
887 848 1068 931 placentem
1097 869 1201 935 quam

210 953 284 1015 data
304 951 451 1014 libencio
473 972 493 1014 a
514 967 618 1016 morte
640 952 691 1015 rel
705 951 870 1015 restitucio
892 953 933 1015 ad
954 952 1199 1038 prosperitatem

184 1057 241 1126 sin
264 1055 357 1119 bonis
379 1069 489 1119 nature
510 1056 561 1119 rel
583 1054 723 1137 lortune,
745 1054 917 1140 supposito
938 1056 1030 1141 quod
1050 1058 1200 1141 precedat

208 1182 247 1224 ex
269 1159 381 1224 maiori
403 1158 540 1224 caritate.
577 1160 832 1245 verumptamen
859 1180 935 1224 cum
961 1161 1112 1246 operacio
1134 1182 1198 1248 que

208 1265 385 1328 secundum
417 1284 450 1326 se
481 1278 512 1327 et
543 1265 721 1328 secundum
755 1285 829 1329 suas
862 1264 1121 1331 circumstandas
1149 1280 1199 1332 est

209 1368 379 1452 exemplari
410 1388 471 1431 suo
498 1367 532 1431 in
554 1367 684 1433 Christo
706 1369 853 1452 similior,
884 1369 979 1434 debet
1008 1390 1196 1456 correspon-

208 1473 319 1536 denter
344 1493 412 1537 esse
436 1472 637 1555 caritatiuior,
663 1494 817 1559 suppono
843 1476 934 1560 quod
958 1475 1132 1560 loquamur
1156 1478 1198 1541 da

171 1608 201 1643 ιο
210 1578 457 1642 autenticacione
471 1577 577 1661 operis
592 1576 641 1663 (in
655 1593 815 1663 quantum
829 1576 1042 1665 huiusmodi),
1068 1592 1100 1645 et
1120 1600 1198 1645 cum

210 1681 317 1747 omnis
347 1681 556 1746 autenticacio
586 1684 692 1767 operis
731 1682 831 1747 nostri
864 1685 1090 1769 correspondet
1120 1704 1197 1769 pto·

210 1786 434 1871 portionaliter
467 1787 696 1872 approbationi
729 1787 860 1869 Christi,
896 1802 985 1872 patet
1021 1787 1196 1857 conclusio.

211 1893 315 1957 Nemo
339 1891 425 1955 enim
447 1891 539 1956 debet
554 1890 654 1955 lacere
670 1913 756 1977 opus
778 1892 993 1957 misericordie
1008 1893 1068 1957 nisi
1082 1914 1197 1961 secum

210 1999 288 2060 dum
298 1995 473 2060 doctrinam
483 2016 581 2081 quam
590 1996 727 2062 didicita
737 1997 879 2080 Christo,
893 1998 950 2061 scd
965 2018 1042 2063 cum
1050 1998 1197 2066 Christus

171 2102 319 2167 ridocuit
340 2122 401 2166 nos
430 2103 503 2166 dare
525 2102 735 2187 temporalem
763 2103 974 2169 elemosinam
999 2117 1033 2169 et
1057 2124 1124 2168 non
1150 2104 1197 2171 sic

210 2221 406 2291 perpetuam,
427 2206 570 2292 sequitur
590 2208 680 2292 quod
701 2207 885 2293 temporalis
907 2208 1133 2274 elemosinacio
1154 2210 1198 2276 sit

210 2309 311 2394 magis
332 2311 499 2376 autentica.

180 2428 201 2481 2
253 2416 342 2497 ltem,
374 2416 655 2500 proporcionaliter
676 2431 713 2481 ut
746 2417 896 2501 operacio
925 2419 1085 2484 meritoria
1112 2420 1197 2506 sapit
1215 2444 1412 2546 are-apem,

209 2518 364 2583 maiorem
384 2519 606 2599 humilitatem,
628 2536 675 2585 est
699 2523 769 2585 Deo
784 2521 974 2606 placencior,
996 2538 1028 2589 et
1044 2545 1102 2609 per
1115 2545 1195 2590 con·
1210 2496 1422 2616 adi'i‘ass'iiiy.

167 2653 201 2689 ιο
210 2643 346 2709 sequens
368 2624 440 2708 plus
462 2625 619 2689 autentica
642 2627 728 2710 apud
751 2625 939 2710 magistrum
960 2628 1016 2714 qui
1040 2645 1088 2696 est
1108 2630 1196 2697 mitis

209 2743 241 2793 et
262 2728 390 2793 humilis
413 2731 523 2811 corde;
545 2731 600 2794 sed
623 2731 668 2794 sic
690 2746 738 2796 est
760 2732 800 2795 de
823 2731 1090 2797 elemosinacione
1111 2749 1194 2800 tem·

208 2834 310 2919 porali
332 2850 475 2919 respectu
490 2835 767 2900 elemosinacionis
783 2850 943 2922 perpetue
969 2839 1056 2923 Ergo
1077 2837 1132 2903 illa
1146 2854 1195 2906 eat

207 2939 308 3024 magis
330 2938 496 3003 autentica.
527 2939 636 3004 Minor
662 2941 817 3025 probatur
838 2962 876 3005 ex
898 2940 960 3006 hoc
981 2944 1071 3027 quod
1093 2944 1194 3011 solius

208 3043 328 3107 domini
356 3043 507 3127 temporis
536 3044 592 3129 qui
622 3060 669 3110 est
697 3047 784 3110 Deus
815 3060 863 3110 est
885 3067 942 3132 per
962 3068 997 3113 se
1019 3051 1193 3116 concedere
1217 3070 1297 3120 itanu

166 3163 198 3216 25
208 3149 331 3212 donum
361 3163 561 3233 perpetuum,
599 3151 685 3214 unde
720 3150 772 3237 (ut
812 3151 888 3214 alias
919 3152 1087 3240 declarari)
1124 3175 1191 3220 non
1206 3128 1414 3277 riii‘po‘ffi'iii

139 3266 199 3319 ιω·
207 3253 346 3317 subiacet
376 3253 523 3337 potestati
559 3253 701 3318 hominis
719 3255 740 3301 *
760 3257 933 3320 concedere
970 3259 1093 3323 donum
1129 3280 1190 3344 pro
1204 3229 1293 3339 ΙΙιιίῗίῗῖ
1302 3234 1413 3335 narde?

206 3358 313 3443 aliquo
344 3371 497 3442 tempore,
528 3357 588 3422 nisi
622 3379 683 3443 pro
710 3374 855 3444 tempore
886 3381 953 3445 quo
984 3361 1053 3446 ipse
1083 3377 1191 3448 potest
1245 3334 1370 3443 m

206 3463 320 3528 habere
340 3465 390 3528 vel
405 3464 560 3527 dominari
576 3465 691 3546 eidem,
715 3484 792 3529 cum
806 3465 893 3530 Deus
908 3487 975 3530 non
990 3480 1098 3552 potest
1110 3489 1189 3535 coo·

207 3570 315 3634 cedere
337 3569 387 3633 ius
409 3568 567 3632 extensius
589 3571 654 3634 sive
677 3568 807 3633 uberius
821 3590 921 3655 quarn
934 3569 1071 3654 ipsemet
1083 3587 1191 3657 potest

164 3686 197 3738 30
206 3674 329 3737 habere.
352 3672 437 3736 Cum
452 3692 529 3757 ergo
547 3693 612 3736 non
628 3672 668 3737 sit
682 3671 714 3735 in
729 3686 887 3757 potestate
902 3673 1050 3739 secularis
1065 3676 1189 3743 domiui

206 3778 319 3841 habere
340 3792 494 3862 perpetuo
515 3778 580 3843 tale
601 3778 737 3858 donum,
768 3777 894 3844 videtur
918 3779 1009 3863 quod
1032 3801 1099 3845 non
1121 3781 1187 3847 suf·

205 3881 270 3947 ficit
301 3902 359 3966 per
391 3903 425 3946 se
462 3897 527 3947 tam
558 3898 685 3947 extense
715 3882 890 3968 quicquam
922 3885 1104 3951 concedere.
1147 3887 1190 3952 Et

204 3984 407 4051 confirmacio
421 3986 517 4053 huius
536 4002 584 4053 est
605 3989 694 4073 quod
709 3987 811 4052 homo
832 4009 898 4052 non
913 4002 1021 4073 potest
1035 3989 1188 4056 ratificare

204 4091 445 4176 perpetuitatem
466 4091 601 4157 dominii
628 4112 689 4157 suo
715 4092 826 4155 heredi
851 4094 985 4157 naturali
1012 4094 1062 4159 cui
1085 4094 1188 4181 tnagis

162 4194 338 4261 35alficitur
360 4210 522 4282 tamquam
537 4196 638 4281 magis
660 4196 779 4282 capaci.
804 4199 981 4276 Quomodo
997 4219 1073 4284 ergo
1095 4198 1185 4265 recti·

204 4299 309 4366 ficabit
344 4301 547 4366 elemosinam
583 4302 624 4366 ab
661 4302 897 4386 approbacione
928 4302 1047 4368 Christi
1083 4303 1186 4388 magis

203 4400 399 4470 uuaneaml
435 4405 523 4472 Sicut
543 4426 619 4492 ergo
642 4406 787 4491 Edgarus
809 4421 841 4471 et
861 4421 989 4472 sanctus
1010 4408 1186 4475 Edwardus
