3262 5226
525 464 529 469 .
646 377 654 441 .'
698 434 868 495 ‚om
883 434 1033 493 Ἥρω,
1203 412 1289 509 [ω.
1302 428 1355 477 xv.

377 614 453 661 nem
472 593 695 683 proditionem
724 593 813 683 regni
843 593 942 663 nostri
972 592 1075 661 clerus
1104 591 1358 679 possessionnms
1371 606 1470 679 qno

375 700 600 787 consp'nrverit
632 698 684 767 rel
718 710 1002 786 quentnnstunque
1040 716 1159 782 mogus
1191 696 1359 763 necucitns

375 822 475 889 tegno
499 816 610 871 norun
630 800 808 890 contigerit,
829 822 895 869 noo
917 800 1023 869 liceret
1052 800 1117 889 regi
1139 802 1180 868 sd
1202 800 1358 868 defensio·

376 926 452 973 nern
471 906 559 995 regni
581 907 668 975 bone
687 905 892 993 oppropristr
912 908 998 973 clero
1019 927 1082 972 suo
1113 905 1269 992 accipere3
1300 929 1358 972 nec

374 1011 497 1079 dubitet
526 1012 577 1078 vel
606 1032 698 1079 cecus
730 1010 854 1097 logicus
885 1011 965 1098 quin
997 1011 1024 1075 si
1056 1011 1164 1077 liceret
1186 1010 1249 1097 regi
1272 1013 1382 1079 bones

375 1119 448 1186 cleri
471 1120 503 1185 in
525 1118 581 1187 teli
603 1140 678 1186 crsu
700 1118 843 1207 possibili
864 1118 920 1205 qui
943 1132 1009 1183 tem
1026 1138 1100 1203 sepe
1116 1117 1259 1202 contigit,
1281 1132 1358 1184 tunc

375 1222 492 1311 poten't
512 1244 588 1291 corn
602 1224 732 1312 peribus
745 1222 791 1289 sic
804 1221 934 1290 suierre
957 1222 1019 1289 Sed
1036 1223 1249 1310 supponendo
1264 1223 1358 1288 istam

374 1328 553 1416 potenciam
576 1342 743 1415 temqunm
764 1327 909 1393 obsolute
930 1326 1147 1411 necessariam,
1161 1328 1355 1393 accedendo·

375 1452 438 1519 qne
459 1434 500 1498 ed
519 1432 685 1501 licentium
707 1446 741 1500 et
767 1432 921 1516 debitunt,
951 1432 1055 1518 probo
1085 1432 1192 1518 primo
1214 1432 1357 1499 necione-

375 1537 529 1605 bilitrtenr
543 1538 742 1605 condicionis
755 1538 901 1625 superius
914 1538 1060 1605 recitate:
1075 1539 1159 1603 Nem
1174 1557 1226 1602 rex
1241 1538 1357 1623 Anglie
1369 1565 1402 1604 ιο

155 1646 489 1709 εκιιιοηᾱιιοιᾶοῑιυι
510 1644 673 1709 ecetesiam
695 1663 787 1709 suem
809 1664 867 1709 nec
888 1642 1088 1709 debuitnec
1119 1640 1223 1728 potuit
1254 1642 1358 1729 ipsam

171 1713 355 1775 ''mm'’
376 1748 485 1813 dotere
505 1749 546 1814 nd
563 1748 803 1815 enervationem
824 1749 874 1814 rel
896 1746 1177 1814 deteriorationem
1190 1746 1279 1832 regni
1297 1748 1357 1812 rui.

376 1850 462 1919 Cum
483 1852 590 1919 omnis
611 1866 752 1937 poterint
774 1852 853 1918 sits
876 1852 945 1917 Deo
966 1851 1034 1941 qui⁸
1050 1873 1116 1918 non
1149 1865 1253 1937 potest
1285 1852 1359 1915 drre

174 1971 214 2019 tor
226 1972 356 2020 neuun
375 1957 556 2044 potentiam
577 1959 619 2023 ed
637 1958 722 2023 hunc
741 1954 849 2040 finem,
871 1956 925 2022 sed
950 1957 994 2021 sic
1019 1956 1215 2042 contingeret
1235 1975 1356 2042 suppo·

156 2024 368 2135 ‘'adm“
376 2060 438 2127 sito
463 2063 552 2149 quod
574 2082 628 2128 rex
649 2061 794 2127 absolute
822 2062 961 2128 douoet
990 2081 1082 2127 surm
1105 2060 1269 2127 ecclesium
1291 2082 1357 2127 non
1370 2074 1398 2129 ι5

175 2128 345 2280 ..Ἠ
375 2165 639 2254 subintelligendo
654 2166 876 2233 condicionem
896 2166 996 2251 illum,
1017 2186 1094 2252 erpo
1117 2165 1261 2251 oportuit
1279 2186 1357 2231 con·

375 2270 533 2337 dicionem
554 2271 643 2337 illem
657 2271 859 2359 subintelligi,
880 2285 912 2337 et
925 2292 983 2358 per
1003 2290 1211 2357 consequens,
1226 2272 1357 2357 quondo

374 2389 577 2461 contemptur
595 2377 670 2443 cleri
697 2376 821 2461 occidit,
848 2397 901 2441 rex
928 2375 1083 2463 capiendo
1111 2375 1297 2461 temporalis
1324 2375 1357 2439 in

330 2673 333 2677 ,
373 2604 412 2649 ex
431 2583 553 2653 deiectu
576 2586 650 2652 cleri
671 2585 862 2655 dissolvitur.
1365 2613 1400 2653 eo

175 2696 300 2751 linense
313 2715 346 2749 eo
419 2688 527 2755 Minor
546 2704 656 2757 nutem
686 2691 862 2777 argumenti
894 2689 937 2755 sit
967 2690 1160 2756 ostenditur:
1190 2691 1223 2756 Si
1245 2691 1355 2755 omnis

154 2757 429 2867 memb
449 2794 534 2861 bone
560 2794 847 2882 quibus2dotntur
876 2809 982 2859 nostre
1012 2794 1144 2861 ecclesis
1174 2796 1356 2862 immediate
1369 2809 1430 2883 176·

172 2860 354 3023 ffiffi?
376 2913 408 2965 et
437 2898 551 2966 directe
583 2899 774 2984 pertinerent
807 2901 846 2964 nd
879 2920 1007 2985 papam,
1038 2899 1082 2965 sic
1104 2902 1193 2986 quod
1214 2922 1268 2967 rex
1291 2923 1356 2967 non

202 3016 319 3076 tagum,
376 3003 488 3069 hubent
509 3003 658 3070 interesse
678 3005 712 3070 in
734 3004 988 3090 possessionibus
1016 3004 1065 3069 vel
1097 3006 1250 3090 personis,
1282 3029 1357 3073 cum

375 3108 447 3193 plus
492 3130 591 3195 quam
636 3122 748 3195 quarte
793 3130 864 3195 purs
908 3109 997 3194 regni
1041 3108 1082 3173 sit
1128 3109 1276 3176 devoluta
1318 3113 1400 3184 nd2s

376 3233 504 3278 manum
529 3226 700 3298 mortuam,
723 3213 865 3300 sequitur
886 3214 974 3300 quod
1005 3233 1059 3276 rex
1091 3228 1197 3278 noster
1228 3217 1357 3281 nonsit

375 3338 427 3381 rex
457 3318 559 3383 tocius
594 3319 719 3405 Anglie,
751 3339 824 3383 cum
856 3319 928 3404 plus
959 3338 1057 3404 quam
1090 3331 1200 3404 quertn
1229 3320 1356 3404 partin

375 3443 472 3487 manu
494 3438 619 3488 mortus
642 3436 689 3488 est
711 3422 823 3488 decisa.
860 3422 928 3487 Stat
960 3421 1045 3486 enim
1077 3422 1196 3510 aliquid
1224 3444 1292 3489 esse
1320 3425 1356 3488 in

416 3673 449 3708 so.
468 3663 491 3708 Α
505 3662 529 3708 in
543 3673 631 3720 mrtps
652 3662 732 3710 liscio.
838 3674 868 3709 rr.
888 3664 911 3709 Α
926 3662 950 3708 ln
965 3674 1053 3720 mrrps
1073 3663 1107 3709 be
1125 3664 1245 3711 sblrcioue
1264 3664 1358 3722 (Abone

375 3732 426 3790 ¹7⁶‘
436 3731 530 3778 wirbeni
544 3733 611 3779 merl
624 3732 653 3778 oi
663 3732 800 3789 referente).
904 3731 939 3778 ²8„
960 3733 991 3780 Be
1006 3735 1047 3781 Est
1059 3735 1096 3781 vel
1111 3735 1197 3781 deelsn

424 3942 461 3978 ιο.
471 3927 540 3980 lius:
550 3927 615 3979 ltem
626 3942 669 3979 rex
679 3928 810 3980 boemie
820 3927 914 3981 dotnns
925 3928 1062 3982 eccleslrm
1072 3945 1148 3984 surm
1160 3947 1208 3984 nec
1217 3931 1309 3984 debuit
1318 3969 1326 3984 .
1335 3968 1359 3990 ..

378 4030 418 4084 ²7·
437 4015 494 4065 llus
508 4016 525 4065 1.
540 4029 577 4068 t:
595 4014 715 4083 sequitur
730 4016 804 4084 quod
815 4030 858 4067 rex
869 4026 959 4068 noster
973 4014 1073 4069 nonsit
1086 4034 1132 4070 rex
1144 4018 1229 4071 tocius
1242 4019 1360 4084 boemie,

376 4115 438 4153 cum
460 4103 522 4171 plus
544 4116 625 4170 quim
649 4115 741 4170 quent
769 4118 830 4173 prro
856 4119 905 4173 pro
923 4104 1025 4156 clericis
1046 4103 1074 4156 ln
1099 4121 1177 4158 meno
1197 4116 1303 4159 mortui
1321 4115 1361 4158 ert

377 4188 465 4240 decise
483 4224 490 4240 .
510 4224 518 4242 .
536 4225 544 4241 .
562 4189 657 4259 comp.
682 4189 805 4258 losenh,
829 4193 886 4244 Hos
908 4192 962 4244 und
980 4191 1080 4257 wicus,
1097 4193 1151 4245 zur
1173 4192 1285 4246 Genesis
1314 4191 1362 4244 dtr

379 4273 541 4327 busitiscben
569 4276 666 4342 Lente,
690 4293 717 4347 p.
744 4277 888 4348 tpp-sob
919 4279 1024 4343 (chlii
1043 4280 1095 4331 end
1121 4281 1186 4346 lius,
1212 4279 1302 4332 trenel.
1326 4278 1361 4347 by

377 4360 465 4414 nnn·
482 4377 542 4431 με.
563 4361 719 4431 ers-rii.)
966 4361 969 4365 ’
1148 4362 1151 4368 ’
