3262 5226
405 428 558 548 caess
717 524 723 533 ,
769 473 816 527 on
833 466 1010 525 ecctsstn.

294 632 568 717 157⁴0desideriis
598 631 776 706 innitentes,
815 629 911 713 quasi
951 626 1237 711 contemplacionis
1259 642 1381 711 'penna

399 755 470 802 sere
491 736 535 800 ad
553 735 704 800 sublimia
725 733 921 798 sublevant?
1381 726 1417 757 '¹‘

363 856 391 911 D
444 843 490 905 Ex
515 840 583 904 istis
613 836 736 902 videtur
762 838 848 903 hunc
874 853 1022 903 sanctam
1049 835 1209 901 intendere
1235 836 1324 922 quod
1343 834 1380 900 in
1400 846 1450 891 aad
1465 856 1594 894 verrere

399 944 520 1030 magnis
551 942 673 1028 nupciis
706 958 812 1007 sancte
844 942 952 1007 matris
983 941 1112 1006 ecclesie
1138 941 1281 1005 membra
1311 897 1594 1005 eius‘dssfniidah‘*

375 1050 488 1116 Stadia
513 1049 668 1134 pascenda
693 1062 768 1111 sunt
799 1048 945 1132 exemplo
971 1062 1099 1132 patrum
1126 1045 1303 1111 testamenti
1325 1003 1553 1109 vesmoihen
1570 1005 1594 1050 ἡ

399 1153 472 1217 teris
492 1166 655 1236 tamquam
678 1151 823 1215 carnibus
850 1149 1004 1215 thaurinis
1026 1152 1082 1236 qui
1105 1164 1214 1215 contra
1236 1148 1380 1214 infideles
1556 1153 1572 1189 f
1582 1176 1587 1185 ⁶

400 1257 446 1320 usi
469 1271 541 1321 sunt
563 1276 600 1320 ex
622 1257 772 1320 mandato
794 1256 916 1319 domini
940 1255 1077 1339 feritate3
1105 1256 1204 1320 modo
1225 1276 1301 1320 vero
1322 1256 1379 1319 'ad-

399 1360 540 1425 veniente
558 1359 685 1425 Christo
707 1359 877 1425 mitissimo
898 1359 1048 1446 pascendi
1070 1375 1145 1426 sunt
1166 1357 1288 1424 lauciu's
1306 1381 1381 1424 eva·

400 1464 499 1530 cuntis
519 1464 635 1549 grossis
656 1465 803 1530 carnibus
830 1465 943 1530 veteris
966 1464 1157 1546 testamenti,
1184 1464 1217 1528 in
1239 1466 1381 1529 secundo

360 1569 516 1633 roierculo
547 1569 622 1633 nori
648 1569 826 1634 testamenti
854 1569 1007 1655 porrectis
1032 1569 1078 1633 eis
1105 1569 1258 1652 altilibus3
1290 1571 1381 1654 quod

400 1674 444 1755 stt,
466 1676 543 1737 dura
559 1674 598 1737 ad
616 1675 800 1758 exemplum
816 1673 934 1740 Christi
950 1689 982 1738 et
996 1694 1131 1739 suorum
1150 1672 1381 1758 discipulorum

399 1781 443 1844 ob
468 1799 609 1843 amorem
641 1778 689 1842 sui
721 1779 891 1864 paciuntur
922 1778 1062 1844 iniurias.
1101 1780 1142 1844 Et
1173 1778 1295 1843 utinam
1321 1776 1381 1842 ista

401 1885 498 1949 leccio
521 1898 601 1948 esset
633 1904 688 1967 per
716 1905 776 1948 nos
807 1884 984 1949 sacerdotes
1016 1898 1082 1948 tam
1108 1904 1256 1950 sermone
1282 1899 1381 1969 quam

400 2010 494 2072 opere
517 1987 681 2052 efficaciter
704 1989 735 2051 in
759 1989 882 2074 populo
898 1990 1065 2074 predicata.
1088 1990 1182 2053 Tunc
1205 1988 1290 2052 enim
1313 2008 1381 2051 non

360 2093 481 2157 isloret
511 2107 595 2157 tanta
628 2092 790 2176 sanguinis
823 2093 935 2158 effusio
973 2115 1031 2159 nec
1069 2109 1157 2159 tanta
1186 2093 1381 2157 conturbans

401 2198 561 2261 ecclesiam
584 2197 697 2261 Christi
722 2220 779 2282 per
802 2201 944 2264 membru
976 2199 1092 2263 diaboli
1120 2221 1138 2263 a
1169 2198 1238 2283 lege
1260 2196 1380 2263 Christi

398 2301 577 2365 declinatio.

372 2421 391 2464 o
441 2406 572 2490 Accipio
581 2405 686 2492 itaque
702 2407 795 2471 istam
806 2408 999 2472 sentenciam
1010 2422 1174 2493 tamquam
1189 2404 1379 2472 catholicam
1412 2425 1471 2474 rue
1486 2430 1548 2489 arry
1561 2432 1590 2476 or

398 2525 429 2574 et
450 2511 552 2576 tocius
574 2512 701 2576 ecclesie
717 2512 897 2577 directivnm
914 2528 946 2577 et
967 2513 1040 2598 dico
1060 2512 1191 2577 ulterius
1206 2510 1293 2596 quod
1310 2478 1431 2593 ipsaiidr
1446 2480 1594 2592 iiiimxiii

357 2617 516 2679 nonedam
539 2638 603 2680 non
619 2615 786 2681 confirmat
808 2618 862 2679 sed
885 2615 1024 2680 infirmat
1045 2614 1245 2701 privilegium
1268 2589 1594 2699 supm·⁹‹irii⁸p'ii⁵iri{'}‘2

398 2720 528 2800 dictum,
551 2722 624 2806 quia
647 2730 697 2807 [ut
719 2735 806 2806 patet
822 2743 859 2785 ex
881 2721 964 2786 dicta
979 2720 1138 2785 sentencia
1154 2734 1184 2784 et
1204 2718 1265 2783 fide
1280 2717 1379 2803 scrip³

398 2823 479 2909 ture)
512 2846 577 2889 non
608 2840 655 2889 est
677 2826 887 2911 privilegium,
921 2826 981 2889 nisi
1012 2827 1053 2891 de
1078 2839 1202 2911 quanto
1228 2836 1320 2888 sonat
1344 2823 1380 2887 in

399 2928 643 2994 misericordiam
665 2930 890 3014 privilegiantis
913 2944 944 2995 et
966 2929 1151 3015 privilegiati
1183 2943 1214 2994 et
1244 2928 1380 2993 omnino

399 3033 431 3096 in
453 3033 608 3098 honorem
630 3034 687 3097 Dei
711 3048 741 3099 et
764 3035 933 3099 utilitatem
963 3048 1070 3098 sancte
1098 3033 1207 3099 matris
1234 3032 1381 3113 ecclesie;

356 3139 485 3222 ²⁵quod
517 3160 591 3203 cum
621 3137 705 3223 capit
736 3138 922 3203 instanciam
954 3141 994 3203 de
1021 3138 1094 3223 isto,
1125 3139 1199 3203 ideo
1230 3136 1381 3202 interimit

398 3264 430 3306 se
461 3243 575 3328 ipsum.
614 3244 705 3307 Unde
736 3242 795 3308 ista
817 3243 964 3308 condicio
996 3246 1089 3309 debet
1121 3241 1312 3326 subintelligi
1338 3244 1379 3307 de

397 3361 506 3409 natura
532 3347 684 3432 privilegii
716 3348 748 3410 in
781 3369 876 3433 opere
903 3349 1123 3434 cuiuscunque
1154 3346 1380 3433 privilegiantis

397 3451 567 3532 ecclesiam,
596 3471 669 3514 cum
692 3451 777 3515 Deus
802 3474 866 3516 non
890 3469 996 3537 potest
1022 3452 1217 3538 privilegiare
1239 3452 1378 3537 aliquam

397 3567 518 3636 partem
545 3555 683 3636 ecclesie,
714 3557 903 3622 condicione
930 3558 990 3623 ists
1015 3558 1142 3643 penitus
1168 3555 1379 3642 pretermissa,

354 3658 387 3710 30
398 3657 472 3740 qaia
487 3674 562 3722 tunc
586 3657 665 3723 soret
679 3660 737 3723 sibi
760 3661 819 3745 ipsi
836 3677 867 3726 et
882 3684 1000 3747 sponse
1015 3683 1072 3727 sue
1095 3661 1279 3727 contrarius.
1303 3660 1379 3725 ideo

397 3782 520 3826 necesse
551 3778 597 3827 est
631 3764 864 3851 privilegiantes
894 3767 1059 3832 ecclesiam
1092 3786 1201 3831 cavere
1229 3764 1379 3850 precipue

397 3886 435 3928 ne
458 3887 494 3929 ex
517 3867 696 3950 ignorancin
723 3870 877 3955 scripture
904 3886 935 3936 et
957 3870 1086 3936 cecitate
1114 3870 1209 3934 seculi
1237 3867 1379 3934 officiant

396 3969 486 4032 matri
503 3991 557 4033 sue
573 3971 622 4034 cui
639 3973 754 4037 debent
768 3974 931 4060 proficere.
947 3978 1021 4040 Non
1039 3976 1125 4039 enim
1141 3975 1248 4039 solum
1264 3973 1380 4039 debent

395 4074 551 4138 attendere
568 4077 607 4138 ad
622 4077 700 4141 illud
716 4082 805 4164 quod
828 4096 934 4165 posset
949 4101 1062 4146 sonare
1082 4081 1115 4144 in
1131 4078 1380 4143 misericordiam

352 4176 382 4229 35
396 4189 426 4239 et
442 4176 676 4245 edificacionem
691 4184 830 4265 ecclesie,
847 4187 901 4249 sed
917 4187 956 4249 ad
974 4186 1051 4249 illud
1067 4185 1154 4270 quod
1171 4183 1380 4248 verisimiliter

435 4398 466 4445 18.
480 4401 502 4447 Α
516 4401 539 4446 tn
553 4413 640 4459 arares
653 4401 793 4464 Responsio.

465 4501 469 4509 .
1259 4493 1292 4546 ¹4
