3262 5226
287 487 357 535 cur.
368 468 421 562 tu]
667 483 712 536 οε
730 482 909 536 ΕαῑιεεῐΑ.

170 671 196 724 3
217 669 274 724 135·
283 649 428 712 amittere
454 664 507 709 res
532 664 605 708 eum
634 638 750 704 mundo
776 650 986 704 transeuntes
1008 644 1104 725 quasi
1125 641 1276 709 districto

282 752 379 817 iudici
399 748 542 834 posituri
571 747 734 811 racionem
762 745 890 822 timent,·
919 764 961 809 ac
982 746 1012 809 si
1027 744 1200 828 placatum
1225 751 1276 813 in·

281 857 420 935 ueniant,
442 854 496 918 cui
517 842 712 915 desideratis
734 848 842 926 rebus,
866 848 902 913 id
923 857 982 925 est,
1015 852 1276 919 racionabilibus

279 960 416 1044 perditis
431 954 630 1020 insensibilia
646 963 676 1017 et
690 972 755 1016 non
770 954 897 1036 quesita
913 963 1113 1018 conseruent.
1138 955 1276 1022 Certum

258 1077 330 1137 sest
344 1064 432 1147 quod
453 1081 529 1126 non.
553 1058 732 1138 Possidere,
749 1057 864 1142 inquit,
879 1058 912 1120 in
934 1057 995 1121 boe
1012 1059 1133 1123 mundo
1149 1061 1276 1144 aliquid

284 1167 431 1231 uolumus
461 1175 491 1227 et
520 1182 593 1227 ecce
623 1163 743 1225 ueritas
776 1160 914 1224 clamat:
948 1156 1025 1224 Nisi
1049 1164 1124 1245 quis
1150 1183 1275 1228 renun-

283 1271 414 1334 ciaverit
436 1266 584 1331 omuibus
606 1285 667 1349 que
683 1264 841 1348 possidet,
873 1285 939 1328 non
958 1275 1066 1348 potest
1088 1258 1181 1332 meus
1202 1288 1276 1334 esse

284 1371 472 1455 discipulus.
497 1370 665 1455 Perfectus
687 1390 770 1455 ergo
794 1370 993 1433 christianus
1008 1372 1169 1454 quomodo
1184 1372 1279 1458 debet

283 1498 338 1543 res
363 1488 511 1541 terrenas
533 1474 698 1560 iurgando
721 1471 898 1559 defendere
921 1493 1005 1556 quas
1013 1477 1201 1559 precipitur
1212 1497 1277 1541 non

245 1618 274 1654 ,ο
279 1580 472 1665 possidere?
503 1579 618 1663 ltaque
648 1598 722 1641 eum
756 1597 811 1642 res
834 1579 995 1661 proprias
1028 1579 1218 1659 amittimus,
1249 1582 1281 1645 si

133 1666 138 1679 ’
278 1686 423 1772 perseete
440 1685 544 1748 Deum
561 1685 736 1770 sequimur,
752 1684 784 1745 in
801 1683 900 1747 liuius
915 1683 977 1746 uite
992 1685 1105 1749 itinere
1121 1704 1143 1747 a
1159 1704 1279 1770 magno

284 1809 381 1855 onere
406 1790 600 1874 levigamur.
636 1789 708 1852 Non
739 1807 814 1871 ergo
844 1786 1010 1869 debemus,
1040 1788 1184 1873 periculo
1217 1811 1279 1856 nos

284 1894 481 1979 exponendo,
508 1890 731 1976 perfecciorem
752 1904 873 1955 statum
896 1891 1073 1976 relinquere
1101 1908 1133 1958 et
1155 1909 1278 1959 stumm

284 1999 355 2083 plus
385 1997 609 2081 periculosum,
638 1995 710 2080 plus
732 2016 752 2059 a
774 1994 905 2060 Christo
936 1996 1124 2079 elongatum
1150 2012 1182 2063 et
1204 1999 1278 2083 plus

131 2086 140 2107 ³
246 2101 475 2171 ritardativum
498 2099 621 2184 eligere.

214 2224 277 2278 Μ
329 2207 392 2270 Nec
423 2207 506 2270 velet
537 2204 631 2269 tercia
662 2203 828 2288 responsio
861 2205 1007 2290 ypocrite
1038 2228 1102 2291 qun
1134 2207 1211 2272 dicit
1241 2230 1308 2274 see-
1331 2220 1369 2267 ue
1395 2223 1511 2271 dectus·

285 2325 413 2397 propter
435 2330 578 2373 amorem
593 2309 707 2374 iniuste
723 2310 910 2394 occupantis
926 2313 1128 2396 contendere,
1151 2333 1191 2376 ne
1207 2312 1276 2398 ipse
1284 2274 1512 2382 fflffgohssffiiii

284 2430 390 2501 peccet
420 2415 536 2480 iniusta
563 2414 759 2495 detersione,
790 2415 846 2478 sed
869 2429 905 2479 ut
928 2415 996 2499 ipse
1019 2416 1134 2481 hebent
1156 2416 1275 2481 instru·
1307 2390 1397 2437 ’Μ’
1413 2381 1489 2428 m

284 2534 391 2584 mente
419 2520 573 2585 virtutum
603 2518 718 2605 quibus
749 2519 852 2603 possit
874 2520 915 2582 nd
940 2518 1099 2584 honorem
1122 2520 1181 2586 Dei
1203 2522 1278 2606 plus
1359 2529 1362 2533 ’
1465 2520 1474 2529 “

137 2616 144 2641 ²
243 2626 376 2692 eomatri
399 2646 455 2689 sue
475 2622 638 2709 proficere.
663 2623 755 2688 Unde
774 2644 835 2707 pro
850 2623 953 2708 prime
968 2639 1058 2708 parte
1073 2624 1151 2691 dicit
1165 2628 1278 2690 beatus

141 2716 144 2721 ¹
287 2729 455 2813 Gregorius
480 2726 549 2815 (ubi
573 2727 696 2815 supra):
717 2728 871 2807 'Quidam
896 2748 970 2793 cum
994 2740 1109 2794 nostra
1131 2732 1278 2813 rapiunt,

286 2832 485 2897 solummodo
507 2833 671 2897 tolerandi
684 2843 777 2912 sunt,·
799 2833 933 2918 quidam
949 2853 1026 2897 uero
1042 2845 1175 2899 seruata
1190 2838 1278 2900 cari·

285 2947 350 3001 tate
366 2935 580 3020 probibendi;
601 2958 665 3002 non
687 2949 794 3001 tamen
817 2938 890 3003 sola
913 2957 995 3002 eura
1018 2958 1059 3003 ne
1073 2949 1186 3004 nostra
1202 2941 1279 3005 sub·

145 3120 148 3127 ¹
287 3042 427 3121 tranant,
449 3041 508 3104 sed
530 3061 571 3105 ne
591 3043 754 3126 rapientes
769 3063 833 3107 non
849 3062 911 3107 sua
926 3045 1115 3127 semetipsos
1123 3044 1279 3128 perdant.

145 3220 148 3225 Δ
247 3146 349 3209 oslste
371 3143 461 3209 fucus
483 3161 531 3211 est
553 3148 655 3232 magis
679 3147 826 3230 palliatus
842 3168 940 3233 quam
956 3147 1064 3213 ceteri:
1088 3147 1416 3236 nnm(sicut·r1‚1.1..
1430 3185 1512 3233 hm„

141 3234 152 3259 ‘⁴
287 3249 362 3313 alias
383 3249 520 3336 ostendi)
544 3251 616 3316 licet
638 3251 838 3317 inferioribus
860 3252 990 3317 ecclesie
1012 3273 1071 3337 pro
1095 3253 1189 3318 bonis
1211 3236 1470 3343 tor-“il'‘„rffiii
1485 3239 1510 3284 ¹⁸

288 3366 362 3416 tune
389 3358 589 3438 contendere,
616 3371 736 3422 servate
764 3358 892 3422 caritate
919 3358 1083 3444 utrimque
1110 3373 1142 3423 et
1169 3374 1279 3425 sunem
1314 3349 1373 3385 Μ’
1386 3347 1443 3387 ²⁰⁸

288 3457 465 3523 intencione
488 3481 563 3524 cum
585 3460 687 3524 forme
704 3463 898 3546 procedendi
914 3463 1067 3548 legitime.
1091 3464 1166 3528 ideo
1182 3464 1279 3530 debet

289 3561 387 3625 homo
409 3563 492 3627 illius
514 3567 730 3651 responsionis
762 3588 882 3651 cavere,
916 3588 956 3632 ne
987 3567 1209 3654 propinquitas
1237 3572 1278 3632 nd

250 3667 471 3749 3ovoraginem
493 3670 622 3752 periculi
645 3686 791 3755 preparet
813 3673 853 3734 ed
876 3670 1012 3736 ruinam.
1036 3674 1121 3736 Nem
1142 3687 1180 3738 ut
1201 3672 1279 3739 dicit

144 3746 154 3759 ’
289 3768 397 3834 beatus
419 3770 589 3857 Gregorius
611 3774 744 3839 ibidem:
768 3775 845 3839 Plus
869 3777 946 3858 ipsis
970 3778 1159 3860 raptoribus
1182 3777 1277 3843 debe·
1313 3787 1482 3891 ⁵⁸‘„⁰,{{{,⁰'’

290 3893 360 3936 ntus
375 3886 514 3941 metuere
529 3898 625 3962 quam
642 3877 769 3943 initiare
783 3881 863 3963 ipsis
875 3881 974 3946 rebus
989 3882 1278 3947 irracionabittbus

141 2798 150 2841 l

332 4071 351 4104 ι.
366 4057 385 4105 3.
399 4060 425 4106 ln
440 4062 520 4108 codd.r
536 4064 663 4111 invenient.
703 4077 735 4112 ss.
749 4067 796 4112 ΑΒ
807 4069 830 4113 ln
845 4080 933 4125 merge
947 4066 1088 4127 Gregorlus.
1143 4067 1176 4115 ab.
1191 4068 1240 4115 ΑΒ
1253 4067 1278 4115 lu

289 4142 374 4187 marga
393 4130 530 4179 Conclusio.
544 4133 561 4177 Β
576 4135 599 4181 in
614 4148 700 4193 meres
714 4137 779 4182 Licet
792 4137 944 4184 inferioribus
961 4140 1060 4186 ecclesie
1078 4139 1221 4186 contendere
1234 4151 1280 4196 pro

290 4199 356 4244 bonis
370 4201 473 4247 ecclesie.
527 4215 561 4260 ²7·
577 4204 606 4248 Br
621 4213 753 4265 utrumque.
809 4208 840 4255 lt.
854 4211 877 4253 Α
891 4208 914 4254 io
929 4221 1017 4267 meran
1032 4209 1121 4265 Repter
1134 4216 1169 4255 est
1183 4222 1197 4255 e
1210 4207 1280 4255 noble

291 4268 343 4325 plus
356 4273 470 4317 emendus
483 4285 554 4331 quem
569 4288 607 4321 res
620 4283 711 4334 arrepta
724 4291 767 4338 per
780 4288 908 4338 raptorem.

332 4407 358 4462 e.
377 4411 441 4465 tue
457 4414 527 4480 xiv.
549 4416 591 4471 ss
633 4393 649 4401 ''
