3262 5226
731 355 898 411 sonamus
916 358 1064 412 wreus.
1252 335 1334 428 [mr.
1344 352 1384 400 tu

392 527 467 580 erat
492 517 601 579 timor.
633 513 730 590 Ecce,
752 512 866 598 inquit,
889 512 996 576 divina
1021 533 1098 578 voce
1114 499 1321 596 precipitur:
1351 513 1387 575 Si
1398 525 1476 583 135⁸:

398 621 471 705 qais
486 603 594 683 tuterit
614 617 675 682 rior
696 618 836 681 tunicam
860 626 891 682 et
912 616 1051 680 voluerit
1072 626 1177 681 tecum
1204 618 1238 680 in
1263 616 1385 681 iudicio

399 722 603 800 contendere,
626 721 751 786 dimitte
774 720 824 785 iiii
840 722 992 805 pallium.
1025 721 1066 785 Et
1088 735 1232 784 rursum:
1258 720 1387 803 Siquis

401 828 488 912 quod
516 837 605 890 tuum
640 835 690 890 est
722 826 845 903 tulerit,
869 845 909 888 ne
930 835 1068 909 repetas.
1103 824 1229 888 Parcius
1259 843 1386 907 qnoque

400 932 563 1014 apostotus
577 930 754 1013 discipulos
775 947 851 993 snos
872 931 1006 1013 cupiens
1021 930 1189 994 exteriora
1204 927 1410 1012 despicere,5

398 1046 433 1098 ut
464 1037 594 1099 valeant
629 1037 761 1098 interna
793 1054 936 1110 serrare,
975 1033 1128 1096 admonet
1165 1051 1222 1096 eos
1258 1030 1386 1096 dicens:

401 1138 540 1203 Omnino
563 1138 715 1203 delictum
743 1149 792 1202 est
819 1140 853 1202 in
879 1138 968 1200 robis
995 1137 1082 1221 quod
1111 1135 1233 1200 iudicia
1262 1135 1386 1200 habetis

399 1245 485 1307 inter
500 1262 566 1323 ros,
588 1262 693 1326 quare
714 1261 778 1305 non
796 1242 903 1327 magis
918 1241 1074 1305 iniuriam
1092 1233 1258 1323 accipitis?
1280 1258 1386 1323 qnare

400 1367 465 1410 non
487 1346 592 1431 inagis
604 1345 766 1431 fraudem
784 1345 963 1428 patimini?

182 1465 238 1512 roe
249 1464 376 1577 meme
444 1451 508 1514 Nec
536 1451 621 1514 valet
645 1450 734 1535 glosa
760 1448 901 1535 ypocrite
933 1450 1022 1534 quod
1053 1449 1111 1513 hec
1140 1463 1216 1514 sunt
1244 1446 1422 1530 consilini:
1452 1525 1457 1533 ,

197 1570 315 1669 &rupem
329 1582 372 1667 3
400 1576 465 1619 non
498 1568 654 1638 precepta.
681 1554 713 1619 si
740 1553 827 1617 enim
848 1568 922 1619 sunt
945 1553 1063 1618 Christi
1087 1552 1219 1619 consilis
1241 1567 1272 1617 et
1294 1566 1330 1616 tu
1353 1552 1409 1617 int

176 1659 508 1774 magnasgshabitu
547 1659 706 1743 protendis
738 1673 769 1723 te
802 1679 897 1743 super
931 1658 1009 1723 alios
1045 1658 1211 1724 Christum
1248 1656 1386 1742 diligere,

177 1781 260 1826 consi
273 1792 334 1825 were
347 1764 562 1828 nosndhereres
589 1763 657 1826 eius
683 1763 746 1827 leni
773 1763 916 1846 consilio,
940 1763 1104 1847 vpreceptis
1136 1744 1234 1827 seculi
1266 1775 1384 1845 preter·

178 1842 205 1878 ⁸⁰
219 1834 249 1877 δ’
268 1831 522 1950 ‘⁰¹¹⁰'‘⁶'missis;
544 1867 632 1931 aliter
654 1867 739 1931 enim
762 1866 845 1933 fores
866 1866 1021 1954 ypocrita,
1044 1866 1209 1931 offendens
1231 1865 1263 1929 in
1288 1865 1383 1928 dilec-

399 1970 489 2035 cione
511 1970 569 2033 Dei
591 1991 687 2055 super
707 1970 826 2035 omnis.
1397 1982 1428 2035 15

179 2092 204 2135 s.
219 2089 256 2135 sss
273 2103 300 2135 ss
340 2090 392 2134 sin
443 2076 508 2138 Nec
539 2077 621 2139 valet
653 2076 793 2139 secundo
825 2075 926 2139 dicere
960 2076 1050 2160 quod
1082 2088 1211 2159 oportet
1244 2073 1414 2157 aliquemtt

181 2142 390 2239 ''isi'cioic‘tir‘
400 2178 547 2243 solicitari
570 2178 650 2242 circa
672 2180 730 2243 hec
754 2183 849 2261 bono,
871 2200 911 2242 ne
933 2178 1063 2244 ecclesia
1078 2177 1292 2260 defraudetur,
1308 2175 1384 2262 quia

193 2246 377 2353 ''mid‘'
400 2282 461 2347 illis
484 2283 596 2348 relictis
619 2305 678 2368 pro
700 2283 827 2350 Christo
850 2299 885 2349 tu
907 2284 1012 2349 verius
1035 2283 1169 2348 haberes
1195 2283 1254 2346 hec
1288 2284 1384 2364 bona,

400 2402 433 2453 et
451 2389 496 2452 sic
511 2389 648 2453 ecclesia.
664 2390 739 2452 Ideo
754 2389 802 2453 vis
818 2410 972 2473 exponere
988 2403 1019 2454 te
1034 2388 1178 2474 periculo
1192 2387 1385 2452 dimittendo

400 2491 630 2573 perfectionem
657 2490 755 2555 divini
788 2493 908 2558 consilii
938 2514 1039 2578 quam
1069 2494 1276 2576 acceptando,
1299 2492 1385 2555 Deus
1397 2521 1431 2559 ro

401 2615 468 2658 non
505 2610 612 2680 posset
648 2598 687 2659 de
723 2596 935 2681 promissione
971 2597 1201 2683 temporalium
1236 2594 1386 2677 deficere;

335 2780 341 2789 Ι
402 2720 477 2763 nom
499 2720 572 2763 cum
593 2699 678 2765 istud
700 2699 844 2765 officium
865 2701 1021 2766 incumbit
1051 2700 1150 2782 laicis,
1181 2713 1269 2784 patet
1300 2700 1387 2784 quod

400 2803 577 2888 indigencia
599 2805 728 2869 ecclesie
743 2819 805 2870 stat
825 2805 858 2868 in
881 2806 1040 2890 paucitate
1061 2803 1310 2890 procurancium
1330 2824 1388 2887 pro

206 2925 249 2968 om
261 2924 301 2968 nse
315 2935 371 2968 care
403 2908 615 2991 spiritualibus
630 2908 723 2972 bonis
738 2909 877 2989 ecclesie,
896 2909 977 2974 sicut
992 2907 1051 2973 luit
1066 2911 1106 2972 de
1122 2906 1388 2991 contemplativis,

178 2975 395 3090 'iiiioiv‘eiiii‘'
403 3013 533 3095 quando
559 3010 654 3076 crevit
680 3012 819 3076 ecclesia.
857 3012 942 3077 Cum
969 3034 1045 3098 ergo
1072 3013 1159 3077 istud
1182 3010 1326 3076 officium
1348 3010 1391 3075 sit
1399 3027 1431 3081 25

178 3080 289 3137 ‘mmm
304 3081 509 3196 nnn¹³⁸'olcius‚
541 3116 697 3180 salubrius
724 3131 756 3180 et
782 3117 911 3181 ecclesie
944 3117 1148 3199 necessarius,
1183 3116 1390 3180 manifestum

402 3233 449 3283 est
481 3221 567 3304 quod
598 3240 689 3282 amor
719 3219 885 3304 culpabilis
911 3221 1137 3305 temporalium
1165 3234 1212 3286 est
1240 3221 1273 3283 in
1295 3241 1390 3284 cause

402 3321 498 3386 huius
529 3343 600 3386 cece
632 3323 806 3388 eleccionis.
842 3325 935 3388 Unde
957 3325 1130 3411 Gregorius
1159 3325 1279 3388 ibidem
1302 3324 1387 3408 capi·

402 3427 472 3491 tulo
502 3429 561 3491 X0:
605 3427 683 3490 Pius
704 3425 782 3513 {Deo
823 3447 894 3493 sese
935 3449 1049 3493 amare
1093 3429 1297 3494 convincitur
1333 3430 1390 3512 qni

404 3531 559 3615 neglectis
580 3532 644 3596 biis
665 3552 725 3617 que
748 3533 813 3597 Dei
834 3543 909 3597 sunt
924 3535 1066 3618 propria
1089 3544 1218 3611 tuetur,·
1244 3533 1388 3616 perdere
1399 3549 1433 3602 30

405 3653 542 3718 namque
562 3631 584 3678 *
606 3637 733 3700 animas
760 3637 926 3701 bominum
939 3639 1100 3722 ypocrite
1123 3657 1187 3701 non
1212 3638 1334 3714 timent,
1358 3647 1389 3701 et
1403 3653 1462 3709 135·

448 3821 467 3867 3.
483 3819 500 3864 B
514 3822 538 3866 ln
553 3834 637 3878 marga
654 3821 743 3868 Contra
756 3823 936 3869 contentionem
950 3825 1110 3869 socerdotum.
1152 3822 1184 3868 1⁶.
1200 3821 1248 3868 ΑΒ
1262 3827 1286 3868 tn
1300 3836 1388 3882 merga

404 3889 501 3947 Triplex
520 3891 651 3947 responsio.
666 3893 687 3937 Α
702 3891 725 3937 in
739 3903 828 3949 margo
846 3891 933 3939 Contrr
952 3893 1006 3937 illos
1025 3893 1065 3952 qul
1083 3892 1214 3951 loquuntur
1231 3900 1312 3937 contro
1332 3905 1389 3939 con·

404 3959 511 4003 sitiorum
525 3960 701 4016 impletionem.
818 3972 849 4006 rr.
862 3963 885 4008 Α
899 3960 1043 4019 provisione.
1151 3959 1187 4007 28.
1202 3962 1249 4006 ΑΒ
1264 3961 1287 4008 ln
1302 3975 1390 4019 meren

405 4026 540 4084 Gregorius.
554 4029 606 4073 Ain
615 4041 699 4086 margi
720 4029 847 4088 Propertio
860 4030 916 4075 cleri
923 4031 986 4075 insto
995 4030 1205 4092 Christi-coneilio
1218 4031 1312 4086 (Abone
1322 4030 1391 4088 135⁸.)

452 4203 474 4239 r.
491 4186 581 4240 biottb.
590 4188 623 4254 V,
639 4204 684 4254 4o,
701 4189 755 4242 rid.
766 4190 846 4256 Greg.
858 4190 875 4241 Ι.
886 4204 910 4242 e.
981 4188 1134 4265 3.1,uc.vvt,
1151 4187 1193 4242 30.
1265 4205 1290 4259 7.
1301 4190 1321 4242 Ι.
1330 4189 1393 4241 Cor.

406 4275 449 4340 Vl,
467 4289 491 4340 7.
509 4274 588 4344 Grep.
605 4275 623 4326 Ι.
640 4289 664 4330 e.
1025 4299 1026 4303 ¹
