3262 5226
479 336 652 389 Jountittts
672 337 820 389 WYCLIF.
978 312 1059 407 [CAR
1074 333 1146 380 ml.

159 493 273 558 debent
291 490 415 576 secere
447 493 504 578 qui
529 493 672 560 credunt,
696 503 731 555 ut
759 494 891 577 corpori
917 503 1147 557 resurrecturo
1158 511 1261 565 202·R
1369 499 1370 502 ’

157 606 188 661 et
201 597 390 661 eternaliter
405 617 562 661 mensuro
585 599 763 680 impensum
779 596 920 682 officium
936 598 978 661 sii
992 598 1146 682 quodam·
1249 605 1261 622 ‘

105 693 130 780 ἐξ
157 700 251 765 modo
283 700 417 767 evidens
448 700 593 766 eiusdem
613 701 699 786 fidei
729 702 953 766 testimonium.
986 701 1028 764 Et
1060 716 1147 785 patet

105 799 230 868 mcum
256 805 326 870 talis
342 805 495 889 operacio
518 824 583 868 non
607 806 647 868 sit
670 826 728 889 per
750 826 783 868 se
806 807 958 887 virtuosa,
981 807 1146 870 sedralde

158 929 216 992 per
246 908 396 973 accidens
429 910 520 994 quod
556 909 714 992 contingit
745 930 814 972 eam
848 931 932 974 nunc
956 911 1036 974 bene
1064 927 1172 979 nuncs

159 1014 240 1077 male
272 1012 354 1078 fieri.
388 1014 513 1079 Cavete
544 1028 652 1078 autem
686 1015 840 1079 debemus
873 1016 912 1079 de
943 1014 1066 1079 malicia
1108 1035 1147 1077 ne

158 1117 253 1182 fastui
291 1119 391 1182 seculi
430 1119 651 1203 principaliter
688 1119 902 1199 intendamus,
947 1139 1004 1182 nec
1047 1118 1147 1201 magis

158 1222 372 1286 necessarium
400 1224 609 1305 omittamus;
642 1223 739 1286 nichil
773 1223 858 1286 enim
888 1238 935 1288 est
961 1223 1064 1305 magis
1093 1243 1146 1285 ne·

158 1326 330 1392 cessarium
364 1328 562 1412 obsequium
595 1329 754 1410 agendum
787 1348 847 1411 pro
880 1328 1016 1391 mortuis
1048 1347 1163 1411 quam

158 1432 264 1495 vivere
302 1432 459 1496 virtuose.
507 1431 561 1494 lile
599 1451 676 1515 ergo
712 1432 894 1496 inordinate
930 1431 998 1514 agit
1036 1451 1190 1500 curamus

158 1537 355 1621 corporalem
391 1558 452 1621 pro
484 1555 545 1600 suo
578 1551 709 1600 mortuo
746 1538 800 1620 qui
828 1537 900 1620 plus
938 1536 1073 1600 attendit
1104 1536 1144 1598 ad

158 1643 243 1706 iiiam
267 1662 365 1727 quam
389 1642 429 1704 ad
455 1641 813 1724 superhabundantiam
829 1640 961 1705 virtutis
978 1641 1009 1703 in
1027 1639 1145 1704 animo.

158 1747 213 1811 Vis
251 1767 329 1829 ergo
367 1745 543 1810 affectuose
575 1743 732 1830 proficere
764 1747 870 1810 anime
905 1744 1144 1828 defunctorum,

157 1850 292 1915 exercita
324 1864 356 1913 te
389 1852 495 1935 ipsum
526 1850 557 1914 in
591 1851 677 1914 scola
704 1851 877 1941 virtutum;
905 1851 992 1936 quod
1022 1865 1144 1934 quanto

157 1957 229 2040 pius
263 1954 388 2038 leceris,
424 1971 516 2020 tanto
549 1976 623 2019 cum
655 1955 786 2039 paribus
810 1953 888 2018 lacis
912 1955 1048 2019 mortuis
1071 1954 1188 2039 plusrs

157 2060 355 2145 proiectum;
379 2074 511 2145 oportet
535 2079 613 2144 ergo
637 2060 723 2124 iuxta
746 2058 885 2124 caritatis
909 2060 1032 2143 regulas
1055 2061 1143 2143 quod

157 2180 318 2249 superstes
347 2166 539 2228 misereatur
567 2166 673 2227 anime
702 2165 831 2249 proprie
852 2165 981 2247 pisceus
1005 2165 1084 2246 Deo,
1112 2178 1144 2227 et

157 2269 197 2332 ad
229 2270 306 2333 iliud
341 2269 554 2355 consequitur
586 2267 806 2333 efficacissime
838 2268 1025 2351 suffragium
1060 2289 1144 2331 mor-

158 2388 300 2439 iliorum.

199 2478 250 2542 Ad
275 2478 416 2563 primum
434 2478 599 2542 obiectum
623 2492 712 2562 patet
734 2479 821 2563 quod
840 2478 951 2540 beatus
968 2477 1175 2561 Gregoriusa

156 2584 293 2647 intendit
325 2584 414 2669 quod
448 2583 524 2646 talia
557 2583 714 2667 obsequia
748 2604 810 2646 non
844 2598 979 2667 prosunt
1008 2584 1144 2647 mortuis

158 2687 215 2751 nisi
240 2687 323 2752 forte
346 2709 404 2771 per
429 2687 587 2752 accidens.
614 2687 709 2752 Unde
732 2687 878 2772 sequitur
901 2687 932 2749 in
957 2701 1045 2750 textu
1065 2688 1144 2751 Gre-

157 2793 252 2875 gorii:
287 2792 356 2856 Nec
389 2791 460 2856 ideo
493 2804 603 2856 iernen
637 2790 887 2877 contempnenda
919 2801 949 2855 et
976 2791 1145 2855 obicienda

155 2906 231 2960 suni
253 2915 393 2979 corpora
416 2896 650 2980 defunctorum
676 2896 879 2980 maximeque
907 2897 1078 2975 iustorum,
1104 2917 1146 2960 ex

156 3023 217 3085 quo
250 3002 332 3064 iilud
354 3002 534 3065 salubriter
560 3001 698 3063 discitur
724 3016 844 3085 quanta
870 3001 975 3083 possit
997 3021 1065 3064 esse
1093 3015 1187 3066 re·s5

158 3107 346 3170 irrutreracio
365 3126 430 3189 pro
453 3107 636 3169 elemosinis
641 3123 654 3185 ;
668 3126 750 3190 quas
771 3106 944 3169 viventibus
960 3117 989 3167 ei
1004 3107 1146 3170 sencien-

158 3213 241 3274 iibus
264 3213 441 3288 exibentes,
458 3209 517 3272 sed
540 3231 641 3294 neque
656 3212 715 3272 lroc
731 3209 819 3293 apud
835 3210 939 3272 Deum
958 3213 1047 3294 perii
1061 3211 1148 3294 quod

156 3336 197 3380 ex
219 3314 337 3377 areimis
366 3315 533 3377 leontinum
564 3316 714 3377 membris
742 3314 844 3398 ‹y'ficii
867 3315 1041 3398 diligencia
1068 3334 1146 3397 per·

105 3420 310 3493 mimitatur.
347 3420 391 3481 Ex
426 3439 493 3502 quo
527 3419 654 3481 videtur
688 3421 776 3501 quod
816 3419 940 3481 racione
962 3421 1146 3483 elemosine

105 3513 139 3544 '⁹'
156 3538 293 3609 prosunt
326 3523 486 3586 defunctis
521 3523 595 3585 talia
629 3523 794 3606 obsequia,
830 3536 861 3584 et
897 3526 1015 3588 obsunt
1038 3525 1082 3588 eis
1106 3526 1189 3588 deso

156 3642 278 3713 quanto
308 3629 446 3690 excitant
471 3627 654 3690 affectantes
679 3628 718 3689 ad
746 3627 955 3690 affectandum
977 3629 1146 3711 splenden-

157 3735 237 3795 ciam
277 3733 308 3794 in
350 3732 466 3794 mundi
505 3731 618 3814 gloria,
656 3732 872 3814 ticcusantque
911 3745 1066 3812 mortuos,
1106 3732 1145 3794 de
1178 3726 1182 3735 ⁴

195 3953 225 3999 13.
234 3955 255 3998 Α
263 3953 286 3997 in
295 3965 370 4008 marg.
378 3966 385 3996 r
393 3952 455 3997 Note
464 3952 654 3998 efficacissimum
662 3953 800 4009 surreptum
810 3957 966 3997 mortuorum.
1046 3963 1081 3996 ro.
1090 3954 1111 3996 Α
1119 3952 1143 3997 lu

158 4033 245 4077 merga
260 4021 322 4067 Nots
336 4034 380 4079 pro
395 4022 502 4079 exequiis
517 4030 539 4068 et
554 4023 674 4078 sepulture
688 4024 750 4067 circs
763 4022 881 4066 eeclesias.
987 4020 1019 4067 25.
1035 4021 1064 4065 us
1080 4023 1140 4066 rein·

158 4092 228 4136 briter
241 4092 377 4138 dimittitur.
484 4091 522 4137 28.
536 4091 717 4150 diligentiaeque
730 4092 872 4150 persolvitur
886 4093 910 4136 iu
924 4091 1009 4137 decret.
1094 4115 1118 4122 ··

202 4268 242 4321 23.
262 4269 364 4322 Decret.
384 4285 437 4323 sec.
456 4285 527 4340 pers,
546 4284 626 4323 cause
645 4269 712 4333 xiii,
731 4285 757 4340 q.
775 4269 806 4337 il,
824 4285 881 4340 esp.
899 4269 979 4322 xxii.
