3262 5226
150 609 218 657 car.
234 591 295 684 xr]·
346 598 350 609 '
525 612 571 665 oe
590 610 768 667 encausta.

87 789 144 845 163⁴
153 774 268 840 Christi
305 788 371 837 tam
403 771 539 856 positiva
577 792 673 856 quam
712 752 861 854 privativa
896 770 1066 838 defendere
1104 787 1138 838 et

155 901 267 943 ornnes
290 879 369 942 ritus
391 878 453 941 illis
475 876 650 941 contrarios
669 874 813 939 animose
834 877 1003 942 <inuuere
1036 926 1041 937 .
1145 866 1149 874 ¹

200 984 292 1049 Unde
325 984 449 1047 videtur
471 982 550 1046 mihi
574 981 662 1066 quod
682 980 851 1063 collegium
874 980 1011 1064 predicte
1038 983 1137 1047 abba·

156 1089 220 1153 thie
251 1086 358 1170 primo
390 1087 576 1166 attenderet,
599 1084 624 1148 si
646 1084 844 1150 vendicatura
867 1084 1070 1171 privilegium
1098 1086 1139 1151 sit

132 1190 326 1277 §privilegiis
351 1190 468 1255 Christi
492 1190 694 1254 contrarium.
732 1190 877 1254 Secundo
900 1190 989 1273 quod
1011 1191 1140 1256 lucrum

157 1296 328 1382 reportabit
361 1316 398 1358 ex
429 1295 596 1379 privilegio
627 1295 669 1359 sic
700 1293 839 1377 defenso,
862 1294 937 1380 quia
958 1294 1141 1360 indubiesi

157 1422 221 1465 non
246 1401 395 1464 meritum
416 1400 523 1484 quoad
551 1401 654 1464 Deum
674 1402 730 1463 sed
758 1401 841 1463 nude
863 1399 976 1463 mundi
1001 1400 1140 1485 gloriam

157 1527 194 1569 ex
226 1505 391 1589 privilegio
422 1518 563 1588 reportat
595 1505 698 1569 anime
733 1504 966 1598 detrimentum.
1012 1503 1141 1587 Tercio,

157 1609 326 1694 supposito
349 1609 438 1693 quod
461 1623 598 1693 reportet
622 1632 658 1672 ex
680 1609 828 1694 operibus
849 1609 1062 1674 misericordie
1090 1610 1140 1674 io-

119 1715 254 1782 rodultis
287 1713 431 1799 profugis
463 1714 598 1779 salutem
630 1715 743 1797 anime,
775 1715 945 1779 attenderet
971 1735 1048 1779 cum
1075 1714 1143 1778 suia

161 1820 336 1883 [autoribus
369 1820 457 1904 quod
489 1839 547 1902 pro
570 1818 651 1882 veris
671 1819 841 1903 privilegiis
863 1819 935 1901 plus
958 1818 1142 1884 necessariis

160 1922 364 1986 defendendis
378 1921 577 2008 diligenciam
587 1936 705 1985 tantam
714 1937 907 2007 apponerent
917 1921 965 1985 vel
975 1922 1141 1987 maiorem.

159 2029 240 2112 Sepe
265 2048 380 2113 nempe
409 2030 531 2092 mundo
559 2028 679 2113 decepti
707 2048 779 2092 eece
805 2030 1038 2113 preponderant
1064 2027 1143 2092 lolia

162 2133 286 2214 fructui,
310 2134 457 2197 umbram
481 2133 553 2214 luci,
576 2155 687 2219 ymmo
710 2155 866 2198 venenum
893 2133 1038 2219 pruriens
1060 2148 1142 2198 tem·

121 2238 269 2321 rsporale
292 2236 443 2322 perpetue
466 2238 570 2302 saluti.

88 2358 150 2412 sa
204 2343 256 2404 Ad
291 2342 424 2406 terciana
456 2342 569 2406 dicitur
602 2345 687 2427 quod
719 2342 832 2407 salsurn
854 2343 1035 2424 assumitur,
1068 2363 1368 2436 nampsrmm

162 2463 327 2532 peccatum
361 2467 435 2509 curn
467 2467 532 2509 non
555 2447 594 2510 sit
618 2448 734 2531 privata
759 2449 806 2511 lex
828 2467 884 2510 nec
908 2467 1100 2512 concessum
1126 2469 1146 2511 a
1196 2427 1328 2485 ”mum

162 2552 305 2637 principe
328 2573 393 2615 uon
417 2568 464 2616 est
487 2551 694 2636 privilegium.
712 2553 866 2632 Quamvis
888 2552 973 2615 enim
996 2551 1146 2636 princeps

162 2657 256 2720 huius
279 2656 392 2719 mundi
416 2656 527 2720 excitat
549 2659 589 2720 ad
613 2659 819 2742 peccandum,
834 2678 897 2720 non
915 2671 1022 2719 tamen
1038 2671 1147 2741 potest

121 2762 343 2842 reconcedere,
367 2761 448 2825 sicut
480 2782 537 2825 nec
566 2763 662 2844 Deus,
692 2763 732 2825 ad
765 2762 840 2825 illud
866 2761 1041 2842 licenciam,
1065 2775 1098 2825 et
1120 2761 1147 2825 ai

162 2887 218 2948 per
240 2866 436 2950 impossibile
458 2867 644 2930 concederet
664 2867 704 2930 ad
726 2866 789 2930 hoc
812 2867 858 2929 sel
881 2880 1026 2951 pratense
1048 2865 1146 2930 licen·

163 2970 253 3051 ciam,
288 2971 350 3033 hoc
383 2991 447 3033 non
481 2970 594 3034 laceret
624 2973 663 3033 ad
693 2970 907 3055 privilegiandi
932 2971 1147 3034 commodum

164 3076 216 3137 sed
248 3075 288 3135 ad
312 3076 501 3157 dampnum.
525 3075 717 3139 Conceditur
739 3089 844 3139 tamen
866 3096 903 3139 ex
930 3074 1148 3140 immensitate

165 3179 328 3262 potestatis
364 3179 427 3241 veri
460 3179 609 3263 principis
646 3182 732 3266 quod
764 3180 886 3244 racione
923 3179 1148 3265 cuiuscunque

123 3300 153 3351 25
164 3283 281 3366 peccati
299 3283 519 3347 occasionatur
533 3285 661 3349 ecclesie
675 3284 791 3348 Christi
810 3305 917 3348 rerum
933 3283 1148 3368 privilegium,

164 3409 238 3451 cunr
259 3388 441 3451 timenlibus
460 3388 567 3452 Deum
592 3392 699 3454 ornnia
727 3399 945 3471 cooperantur
966 3390 1000 3451 irr
1024 3389 1147 3451 bonurn

165 3494 256 3556 Rom.
275 3493 373 3573 Vlll⁰,
391 3494 446 3575 283
459 3515 523 3557 non
540 3495 629 3577 quod
644 3508 807 3578 peccatum
822 3494 859 3557 sit
875 3494 919 3556 eis
934 3491 1148 3579 privilegium,

165 3599 219 3659 sed
254 3599 341 3682 quod
374 3598 534 3680 profectus
565 3599 605 3661 de
637 3611 765 3682 peccato
796 3596 1030 3661 occasionaliter
1057 3612 1149 3662 ortus

166 3703 254 3765 cedat
285 3703 330 3765 eis
362 3703 394 3765 in
425 3702 635 3786 privilegium.
679 3704 719 3767 Et
755 3702 816 3766 hoc
851 3716 897 3766 est
931 3720 1042 3766 verum
1081 3723 1149 3765 noo

123 3806 271 3874 3osolum
296 3811 334 3869 de
358 3806 466 3870 alienis
489 3807 626 3890 peccatis
641 3808 692 3870 sed
716 3809 755 3869 de
778 3807 910 3891 peccatis
933 3807 1150 3891 propriisque

167 3911 366 3993 predestinati
391 3925 580 3994 perpetrant.
614 3911 806 3976 Conceditur
827 3926 930 3975 tamen
953 3912 1042 3995 quod
1065 3931 1150 3996 pena

168 4012 248 4076 cedit
272 4012 342 4076 filiis
367 4014 398 4076 in
422 4015 632 4100 privilegium,
655 4035 728 4079 cum
751 4016 894 4080 stimulus
917 4014 1018 4079 carnis
1042 4015 1148 4079 aDeo

167 4119 257 4181 datus
284 4119 433 4201 apostolo
459 4121 551 4185 cessit
577 4123 637 4186 sibi
669 4122 708 4185 ad
737 4121 857 4186 virtutis
883 4119 1083 4203 exercicium,
1115 4133 1152 4184 ut

167 4221 315 4306 paterii·
347 4220 422 4288 Cor.
457 4225 541 4290 xlle.

207 4483 547 4541 sarracenatorum.
645 4483 710 4528 &lla
729 4482 891 4528 detrimentum
909 4505 936 4515 -
953 4481 1051 4526 salutem
1075 4481 1151 4526 deest.

169 4561 199 4607 1⁵.
212 4563 247 4606 A:
262 4566 386 4618 perpetue.
490 4555 527 4613 34.
541 4559 563 4604 Α
579 4557 603 4602 ia
618 4567 702 4611 marga
717 4552 788 4599 Nota.
