3262 5226
777 102 856 155 Vl*

673 392 881 451 uouemus
897 392 1046 451 wtcttr.
1212 375 1369 463 [canxtv.
1476 368 1480 375 '

433 550 581 619 Christus
601 550 689 617 enirn
709 565 758 617 est
777 548 853 637 plus
868 547 1030 635 obligatus
1043 562 1185 616 creature
1199 569 1257 615 sue
1271 570 1369 636 quam
1381 564 1483 636 172⁸!

390 670 530 741 econtra,
558 676 636 723 cnm
666 676 706 722 es
735 657 806 743 lege
834 674 894 720 sus
935 668 1042 721 eterna
1074 667 1107 719 ct
1137 654 1233 720 titulo
1266 653 1369 739 gracie

388 759 598 847 prevenientis
627 758 794 827 constituit
819 778 856 823 se
881 756 1061 825 debitorem
1082 756 1148 823 suis
1170 757 1266 823 servis
1291 756 1366 825 iide-

389 864 483 949 libus,
504 885 571 931 non
593 876 631 930 nt
651 864 758 931 solum
778 864 868 929 daret
889 862 935 929 eis
955 862 1080 929 bonum
1093 861 1226 949 aliquod
1244 875 1368 948 tempo·

388 970 463 1053 rale,
476 970 533 1035 sed
546 982 583 1036 ut
592 968 735 1035 dereteh
747 988 782 1033 se
796 966 905 1054 ipsum
912 964 946 1031 in
956 966 1116 1052 premium
1124 966 1394 1052 sempiternum;3

389 1087 517 1140 tantum
551 1085 661 1140 eutem
695 1092 764 1139 non
799 1083 908 1159 potest
940 1085 1084 1137 creatura
1113 1072 1205 1137 beata
1237 1070 1370 1138 domino

387 1175 533 1263 obliged,
561 1191 595 1244 et
624 1175 671 1242 sic
699 1190 826 1243 tenetur
854 1177 1002 1241 modos
1031 1176 1205 1262 rependere
1237 1174 1370 1241 subditis

388 1280 565 1367 spirituales
586 1280 786 1347 elemosina.
800 1280 879 1347 ldeo
893 1276 945 1369 (ut
965 1279 1029 1345 dixi
1051 1274 1200 1367 proximo
1215 1277 1368 1369 capitulo)

387 1382 535 1451 deficiens
543 1407 564 1452 a
573 1384 790 1451 satisfaccione
804 1384 890 1451 illius
900 1383 999 1450 debiti
1012 1384 1138 1469 gravius
1150 1385 1369 1451 excommuni-

388 1504 518 1556 cature
539 1488 685 1573 domino,
705 1504 739 1557 et
759 1508 818 1575 per
837 1509 1039 1577 consequens
1059 1489 1269 1576 periculosius
1286 1491 1413 1560 caditrn

387 1594 421 1661 in
442 1593 579 1661 heresim
600 1594 634 1660 in
655 1609 782 1663 tantum
802 1594 904 1681 quod,
930 1594 956 1658 si
978 1594 1066 1660 Dens
1087 1614 1144 1680 per
1172 1594 1369 1680 impossibile

386 1696 533 1765 deficeret
568 1720 588 1765 a
622 1698 732 1764 debito
767 1698 808 1763 ad
845 1698 935 1785 quod
965 1720 1000 1763 se
1030 1698 1193 1785 obligavit,
1229 1698 1369 1786 graciose

388 1802 607 1889 promittendo
620 1816 653 1868 et
661 1803 812 1870 meritum
820 1802 1028 1890 proficiendo,
1042 1803 1111 1888 ipse
1126 1802 1209 1869 loret
1222 1823 1368 1869 summus

386 1906 550 1973 hereneus
575 1908 642 1973 Nec
663 1907 802 1974 lersmus
823 1907 961 1994 graviter
973 1908 1063 1994 quod
1083 1922 1369 1995 quantumcunque

386 2012 508 2077 nobiles
533 2012 644 2098 quoad
664 2013 825 2077 mundum
846 2012 889 2078 ed
909 2026 1037 2079 tantum
1062 2034 1097 2077 se
1118 2012 1289 2078 humilient
1308 2033 1368 2098 pro
1381 2025 1410 2080 ι5

387 2114 515 2183 Christo
540 2116 638 2203 quod¹
657 2116 827 2182 deveniant
847 2114 1060 2182 elemosinarii
1083 2137 1261 2203 paupensm
1291 2117 1367 2182 sub·
1453 2188 1458 2199 ¹

386 2218 538 2303 dirorum,
570 2235 643 2287 tum
671 2220 748 2308 quia
776 2220 924 2285 Christus
947 2219 1164 2286 nobilissimus
1185 2221 1302 2307 recepit
1328 2222 1367 2286 ad
1451 2221 1460 2227 '
1486 2223 1511 2230 ”

386 2324 437 2389 sui
459 2324 622 2411 egentiam
641 2326 843 2390 rdevandam
857 2337 924 2390 tnm
940 2346 960 2389 n
974 2325 1256 2413 viris-secularibus
1270 2347 1376 2413 quam

385 2428 551 2495 adeuntis
582 2427 707 2493 leminis
738 2427 930 2494 elemosinas
963 2430 1153 2515 corporales,
1176 2444 1248 2496 tum
1268 2430 1368 2495 ecinm

386 2534 462 2620 quis
492 2554 531 2598 er
560 2533 615 2599 tali
647 2532 874 2599 humiliatione
896 2547 929 2600 et
949 2533 1116 2599 ministerii
1148 2535 1412 2620 complecionem

386 2636 496 2704 crescit
518 2636 670 2724 prepositi
691 2636 853 2703 maios-itas
875 2638 985 2724 quoad
1004 2638 1121 2704 Deum

165 2756 396 2861 τισιὼοιὲῗὲο.
429 2742 481 2808 Sic
502 2762 579 2829 ergo
600 2763 666 2808 non
687 2756 735 2807 est
756 2741 865 2829 quoad
886 2741 948 2809 hoc
970 2740 1163 2807 distinccio'
1154 2756 1235 2808 rnter
1249 2742 1366 2828 iratres,
1376 2758 1406 2813 G

172 2862 368 2910 ormurrsa
386 2846 469 2911 inter
503 2847 756 2932 possessionatos
791 2862 824 2911 et
859 2845 943 2910 inter
977 2860 1113 2929 curetur,
1150 2846 1291 2912 viventes
1327 2848 1367 2914 de

166 2914 517 3027 “5⁸rl'.”13'„‘‚''¹necimir
539 2965 571 3015 et
593 2951 823 3032 oblacionibus,
845 2949 924 3035 quin
947 2970 1059 3014 omnes
1090 2950 1243 3016 debemus
1264 2952 1367 3017 virere

168 3018 352 3117 misiam
285 3020 628 3140 rnw'lexproprienrie
649 3057 687 3121 de
709 3054 893 3119 elemosinis
916 3053 1072 3118 laicorum
1093 3068 1126 3121 ct
1139 3075 1251 3119 omnes
1274 3056 1366 3119 debe·
1353 3069 1410 3124 ·ι5

385 3180 459 3224 mus
480 3181 547 3224 csse
569 3176 799 3245 procuratores,
823 3179 890 3222 nnn
917 3158 1023 3222 civiles
1045 3180 1242 3244 possessores
1264 3160 1366 3225 hono·

384 3285 459 3327 rum
480 3284 667 3350 pauperum,
693 3264 780 3328 iuxta
807 3277 996 3348 preceptum
1019 3263 1137 3328 Christi
1159 3263 1290 3330 Matthei
1312 3265 1367 3346 X0,

386 3388 444 3432 nec
465 3369 571 3452 potest
602 3368 820 3433 conventualis
851 3369 1054 3434 conversacio
1075 3370 1127 3433 vel
1149 3369 1286 3434 solitario
1312 3381 1368 3433 aut

384 3472 522 3557 prelacia
552 3473 654 3537 maior
684 3474 736 3537 vel
766 3472 873 3537 minor
904 3474 1014 3538 tollere
1037 3474 1100 3538 hnc
1123 3472 1279 3555 debitum,
1311 3474 1367 3537 sed

385 3597 499 3641 omnes
535 3590 681 3642 tenemur
718 3597 785 3641 esse
822 3575 931 3640 fideles
963 3578 1194 3663 dispensatores
1230 3576 1365 3640 thesauri
1376 3591 1411 3645 30

386 3680 555 3766 spiritualis
577 3682 628 3746 vel
650 3681 822 3766 corporalis
846 3681 969 3746 domini
991 3683 1169 3746 secundum
1184 3701 1367 3746 mensurum

385 3783 571 3849 donacionis
595 3784 727 3867 Christi3
765 3785 809 3848 illi
832 3799 942 3850 autem
964 3799 1039 3850 sunt
1060 3787 1238 3871 superiores
1259 3784 1367 3871 quoad

385 3889 489 3953 Deum
504 3889 559 3975 qui
575 3888 672 3954 instar
686 3890 910 3974 apostolorum
924 3890 997 3975 plus
1012 3891 1189 3955 descrentes
1208 3890 1367 3954 mundum
1620 3918 1626 3955 r

385 3993 542 4058 seminant
571 3992 727 4059 efficacius
749 3995 884 4057 verbum
905 3994 974 4059 Dei.
1006 3994 1101 4059 Unde
1122 3995 1201 4059 ritus
1224 3992 1367 4058 moderni

429 4191 446 4226 r.
461 4181 483 4226 Α
496 4179 520 4227 ln
534 4192 621 4240 marus
634 4179 772 4228 Conclusio.
878 4192 913 4227 ss.
926 4182 950 4228 Α
963 4182 987 4227 lu
1001 4193 1090 4240 marus
1105 4180 1246 4229 Conclusio.

429 4305 454 4359 8.
473 4305 540 4360 vide
557 4322 637 4376 supra
654 4322 714 4377 pag.
734 4304 784 4378 296
801 4317 828 4360 et
845 4321 904 4376 seq.
