3262 5226
480 376 651 430 torraruus
669 367 815 430 wicun
981 352 1064 448 [cra.
1079 368 1151 416 χιιι.

158 533 382 618 apostolorum
407 507 541 598 suorum
566 554 630 596 non
653 534 767 597 darent
790 532 888 597 iidem
912 534 954 596 de
977 534 1150 598 inutilitate
1163 547 1266 605 203⁸v

122 635 373 704 etlundamenti.
396 638 472 703 Non
495 638 581 701 enim
605 652 653 703 est
675 658 772 703 causa
795 639 942 704 evidens:
961 636 996 702 Si
1013 636 1150 722 Symon,

113 715 305 832 irsummus
340 743 490 807 sacerdos
519 740 698 808 construxit
729 743 790 807 sibi
822 757 854 807 et
886 742 954 807 suis
987 740 1150 805 editicium

113 807 260 910 ιοἰιΙιιιιιι
285 867 382 933 super
406 847 615 932 sepulchrum
639 867 751 912 eorum
775 860 807 912 et
830 846 1019 911 mirabiliter
1042 866 1152 930 sump-

158 965 291 1016 tuosum
311 951 363 1038 (ut
384 965 476 1038 patet
498 952 797 1016 lMacchabeorum
813 947 929 1039 xilla),
956 972 1036 1035 ergo
1058 952 1178 1032 bene,5

157 1055 243 1120 sicut
270 1070 318 1120 est
345 1057 493 1121 evidens:
522 1056 557 1122 Si
581 1056 730 1122 Christus
758 1057 880 1121 eteius
903 1057 1045 1140 apostoli
1074 1057 1152 1120 illud

158 1160 347 1244 omiserant,
382 1182 460 1246 ergo
494 1160 590 1244 bene;
624 1182 697 1225 narn
722 1162 864 1247 regimen
888 1162 1020 1226 illorum
1050 1182 1152 1226 sacer·

159 1264 274 1328 dotum
296 1265 368 1355 ‘luit
405 1265 591 1349 presagium
628 1265 859 1331 destructionis
895 1286 1060 1351 synagoge
1090 1286 1153 1351 que

159 1367 222 1433 luit
248 1352 380 1434 ecclesia
403 1369 599 1454 Judeorum3
626 1385 658 1434 et
690 1369 939 1434 fundamentum
963 1370 1051 1434 aliud
1076 1389 1151 1434 cum

161 1474 227 1538 suis
252 1475 436 1539 domesticis
453 1473 515 1539 tuit
530 1474 759 1540 indefectivum
775 1475 972 1561 principium
997 1488 1153 1559 perpetue
1168 1509 1198 1546 ,ο

160 1579 292 1644 ecclesie
321 1579 511 1663 christiane;
545 1578 642 1645 nichil
670 1600 747 1664 ergo
775 1581 858 1644 valet
886 1580 982 1644 nobis
1005 1579 1154 1643 fidelibus

160 1683 221 1747 nisi
246 1684 294 1748 de'
310 1698 434 1770 quanto
457 1684 553 1750 luerit
578 1683 742 1749 fundabile
767 1705 806 1748 ex
834 1686 903 1768 lege
926 1684 1067 1767 chrisri3
1098 1685 1154 1748 sed

160 1807 235 1852 cum
251 1807 290 1853 ex
312 1791 382 1873 lege
403 1788 526 1854 Christi
542 1802 575 1853 et
594 1789 664 1872 lege
679 1788 810 1853 ecclesie
825 1803 913 1874 patet
936 1791 1027 1874 quod
1044 1793 1154 1855 obser·

160 1894 273 1958 vancie
289 1894 329 1958 de
351 1908 476 1979 quanto
499 1894 572 1979 plus
595 1895 751 1959 accedunt
767 1895 807 1957 ad
823 1907 944 1959 statum
968 1893 1156 1959 innocencie

162 2012 193 2062 et
217 1999 325 2063 minus
350 1999 542 2064 intricantur
564 2019 638 2063 cum
662 2000 797 2081 mundo,
818 1999 983 2064 imitantes
1007 2000 1199 2070 volunta-15

161 2115 228 2167 tem
255 2104 326 2184 Dei,
350 2104 509 2195 direccius
538 2106 812 2190 preponderantes
833 2104 866 2167 iu
895 2125 1009 2169 amore
1032 2106 1155 2169 bonum

162 2207 380 2291 communius,
411 2223 501 2294 patet
535 2210 623 2294 quod
656 2209 862 2274 observancia
894 2210 1046 2294 opposita
1081 2211 1155 2275 ritui

162 2332 259 2397 quem
284 2314 426 2378 muudus
450 2314 483 2378 in
507 2313 576 2378 istis
604 2313 702 2397 exigit
730 2328 778 2378 est
806 2315 877 2400 ipso
901 2315 1027 2379 melior.
1061 2315 1157 2380 Unde

162 2415 213 2503 (ut
245 2416 351 2505 tetigi)
385 2419 459 2483 talia
497 2419 696 2483 memorialia
728 2434 801 2504 post
833 2433 982 2484 mortuos
1006 2420 1155 2485 derelicta

162 2523 212 2585 vel
246 2538 364 2588 nocent
395 2522 442 2587 eis
473 2522 523 2587 vel
552 2523 659 2588 minus
682 2524 727 2588 eis
750 2523 922 2608 proliciunt
951 2544 1052 2608 quam
1079 2546 1201 2610 pur-20

163 2627 277 2710 gandis
309 2628 508 2713 pauperibus
536 2628 568 2692 in
598 2628 703 2711 gracia
726 2629 886 2715 ampliori,
909 2651 1025 2715 ymmo
1048 2629 1155 2695 minus

163 2751 261 2816 quam
284 2735 398 2798 ceteris
422 2733 555 2817 paribus
579 2753 691 2797 eorum
709 2734 899 2799 destructio.
915 2734 952 2799 Si
969 2735 1055 2799 enirn
1078 2735 1157 2799 tales

164 2836 285 2901 mortui
308 2851 385 2902 sunt
412 2836 554 2922 presciti,
579 2852 655 2902 tunc
679 2838 755 2902 talia
778 2839 977 2904 memorialia
1006 2839 1157 2904 derelicta

164 2954 240 3004 sunt
264 2940 388 3007 fructus
411 2942 534 3026 peccati
558 2944 608 3005 sui
632 2943 664 3006 in
688 2944 838 3027 spiritum
855 2945 1063 3025 sanctumysi
1082 2960 1158 3009 sunt

163 3046 386 3129 predestinati,
420 3062 498 3110 tunc
535 3062 610 3111 sunt
644 3048 766 3112 fructus
790 3070 847 3114 sue
871 3049 1055 3113 affeccionis
1085 3066 1202 3133 pro-25

165 3152 314 3234 prietarie
338 3153 557 3236 expurgande,
586 3168 617 3218 et
641 3154 772 3218 indubie
795 3176 918 3239 pauper
942 3156 1102 3218 decedens
1127 3156 1158 3218 in

165 3256 280 3320 maiori
313 3258 430 3340 gracia,
464 3278 538 3320 cunr
572 3259 686 3323 melius
719 3279 796 3322 usus
829 3259 891 3324 tuit
924 3261 1160 3343 temporalibus

165 3359 234 3424 istis
262 3363 381 3446 quibus
415 3363 521 3425 verius
550 3364 734 3426 dominatus
760 3378 818 3447 est,
848 3366 919 3448 plus
950 3365 1161 3448 participabit

165 3465 197 3527 in
230 3466 419 3549 purgatorio
453 3487 563 3531 eorum
590 3466 709 3549 lructu,
745 3468 889 3532 dominio
929 3470 1085 3533 devoluto
1119 3472 1160 3531 ab

166 3583 305 3653 utroque
338 3571 378 3634 ad
411 3572 593 3652 dominum,
625 3587 704 3656 aput
734 3593 832 3655 quern
867 3593 931 3636 non
958 3588 1067 3657 potest
1089 3594 1159 3636 esse
1172 3588 1206 3639 30
1315 3616 1319 3627 ·

166 3674 315 3757 accepcio
338 3669 563 3759 personartim.
594 3677 770 3755 Quomodo
795 3692 967 3741 excusatur
991 3691 1161 3762 peccatum

167 3797 233 3861 quo
256 3793 392 3862 propter
419 3781 627 3843 affeccionem
651 3781 848 3844 mundialem
873 3783 921 3844 vel
952 3782 1160 3845 affeccionem

167 3884 414 3967 proprietarium
431 3886 590 3948 carnalem
605 3886 685 3949 ritus
702 3887 772 3949 talis
789 3886 983 3969 preponitur
1000 3900 1030 3949 et
1044 3886 1161 3948 modus

169 3987 304 4051 faciendi
338 3990 590 4072 exproprietarie
624 3990 817 4072 vivencium,
852 4004 883 4054 et
917 3992 1042 4053 bonurn
1073 4010 1161 4053 com·

169 4094 299 4157 munius
322 4094 396 4177 plus
419 4094 625 4178 diligentium
650 4096 749 4159 stulte
771 4090 1002 4179 postponitur?
1021 4105 1044 4112 “’
1175 4109 1205 4162 35
1308 4134 1314 4167 r

207 4255 228 4289 a.
238 4245 271 4291 Br
281 4253 330 4292 tam
339 4245 444 4292 evidens.
523 4246 544 4293 5.
555 4245 586 4291 Be
597 4259 652 4303 ergo
660 4271 685 4281 -
693 4247 821 4294 omiserant
831 4248 903 4292 deest.
985 4258 1007 4302 7.
1021 4244 1051 4288 Be
1062 4226 1161 4301 regnam

168 4315 264 4361 illorum
278 4315 331 4361 iult.
399 4329 428 4362 ra.
443 4329 472 4362 ea
486 4318 550 4362 deest
559 4319 582 4362 in
591 4317 661 4363 codd.
727 4317 764 4362 2⁶.
779 4318 808 4363 tt:
824 4316 978 4374 expurgande
993 4338 1017 4348 -
1032 4314 1077 4359 fult
1090 4315 1163 4361 deest.

620 4426 733 4442 ——‚
