3262 5226
209 357 279 405 car.
292 338 367 433 xm]
577 360 624 413 na
642 357 820 412 accensu.

94 538 121 590 1,
141 531 201 604 169⁴
211 518 384 602 quendam,
415 528 492 580 tunc
519 527 676 580 cessarent
702 512 785 578 bella
811 514 844 576 in
870 510 1117 592 christianismo,
1146 512 1199 576 rel

213 621 397 707 simpliciter
411 620 462 683 vel
477 621 508 684 in
524 634 621 704 parte,
644 634 676 684 et
695 619 916 703 disponeretur
935 616 1066 681 ecclesia
1081 614 1198 681 Christi

212 728 251 789 ad
275 725 531 810 conquirendum
553 725 649 788 armis
663 725 818 788 virtutum
842 721 1002 807 populum
1024 719 1198 785 infidelem.
1253 768 1256 774 .

212 831 263 895 Sic
297 829 383 893 enirn
416 828 475 893 luit
505 843 648 913 tempore
675 828 908 913 apostolorum,
931 825 1064 910 quando
1086 846 1198 910 expro-

187 934 356 1018 5prietarie
383 954 463 1018 pure
494 934 670 998 secundum
691 931 809 997 Christi
837 929 969 995 consilia
989 928 1067 994 vixit
1088 929 1199 1009 clerus,
1221 970 1224 975 -

213 1040 269 1101 sed
296 1038 490 1102 commixtus
521 1038 654 1101 sinistris
686 1035 913 1102 tradicionibus
943 1034 1093 1098 humanis
1124 1054 1199 1098 curn

214 1141 348 1206 dexteris
370 1140 488 1205 Christi
511 1140 660 1222 consiliis,
691 1141 804 1204 vinum
835 1140 869 1204 in
898 1160 966 1225 quo
993 1137 1200 1203 inebriaretur

213 1245 344 1309 ecclesia
375 1259 423 1310 est
454 1245 646 1329 limphatum
672 1258 703 1309 et
729 1265 831 1330 genus
859 1264 1030 1308 nervorum
1065 1241 1201 1308 caritatis

215 1349 344 1413 ecclesie
359 1349 559 1414 debilitatum
575 1363 606 1414 et
621 1349 688 1412 sine
703 1350 836 1413 custode
850 1346 1033 1413 aizannium
1047 1346 1202 1412 discordie

173 1454 357 1539 mundique
380 1453 583 1521 seminatum.
1131 1515 1139 1523 .

174 1572 206 1624 lt
259 1557 345 1623 Cum
376 1557 463 1622 euim
494 1580 610 1644 corpus
640 1557 769 1623 ecclesie
800 1556 842 1623 sit
872 1557 1045 1622 limitatum
1076 1578 1095 1621 a
1123 1556 1203 1639 Deo,
1218 1560 1381 1609 macunen
1396 1565 1420 1610 ¹⁸

1246 1614 1386 1662 dleotdered

214 1663 332 1748 quibus
371 1662 450 1727 cibis
482 1677 513 1727 et
544 1663 678 1749 qualiter
714 1663 891 1727 secundum
927 1676 1031 1746 partes
1065 1660 1425 1766 disparesvbgfeffigger

216 1782 407 1851 pasceretur,
422 1769 508 1832 Deus
524 1769 604 1833 sicut
620 1770 729 1833 tribuit
743 1768 998 1832 commensurale
1013 1766 1203 1832 alimentum
1216 1782 1282 1869 ”m
1295 1771 1418 1870 223¹*

218 1872 381 1955 spirituale
404 1895 461 1957 per
483 1873 620 1958 prelatos
635 1873 890 1938 distribuendum
912 1872 1068 1954 fidelibus,
1090 1867 1135 1937 sie¹
1149 1872 1424 1988 datvfgsfflijfl

177 1989 323 2041 isoscam
345 1977 544 2061 corporalem
567 1977 767 2061 parciendam
790 1998 848 2062 per
868 1977 988 2042 activos
1010 1990 1076 2041 tam
1097 1976 1202 2062 predi·

218 2081 377 2145 catoribus
409 2081 443 2143 in
473 2102 550 2166 agro
582 2101 679 2166 quam
710 2081 1018 2167 contemplatoribus
1048 2080 1082 2143 in
1108 2080 1202 2146 lecto.

217 2184 293 2248 ldeo
316 2185 543 2270 usurpantibus
576 2186 636 2249 illis
670 2185 817 2251 violentis
850 2184 995 2250 officium
1025 2198 1056 2250 et
1086 2204 1202 2250 consu·

218 2290 379 2355 mentibus
395 2290 573 2356 inordinate
596 2311 710 2355 eorum
725 2291 881 2375 pabulum
895 2310 1021 2356 necesse
1036 2304 1084 2355 est
1097 2303 1203 2355 totum

219 2414 334 2478 corpus
366 2395 496 2460 ecclesie
526 2416 593 2459 esse
625 2396 843 2461 inordinatum
873 2418 910 2461 ex
937 2395 1062 2460 deiectu
1093 2396 1201 2460 obser·

176 2498 360 2562 aovacionis
382 2499 501 2564 ordinis
524 2520 653 2564 suarum
669 2500 823 2585 parcium.
845 2500 878 2566 Si
898 2501 986 2565 enim
1000 2498 1035 2565 fit
1049 2500 1205 2565 bolismus

220 2603 251 2665 in
275 2603 407 2668 homine
431 2619 463 2670 et
485 2605 619 2670 breviter
642 2626 837 2691 quocunque
860 2606 1006 2671 membro
1028 2606 1204 2670 secundum

219 2708 395 2793 appetitum
434 2710 585 2774 caninum
620 2724 730 2775 contra
761 2710 886 2793 regulas
917 2710 1042 2774 virtutis
1077 2709 1205 2795 regitive

219 2814 363 2878 trahente
390 2815 519 2880 alterius
545 2815 779 2880 nutrimentum
800 2814 851 2878 vel
879 2830 1056 2900 occupante
1077 2814 1205 2880 alterius

220 2919 355 2984 membri
387 2919 541 3002 officium,
577 2919 612 2983 fit
643 2919 677 2983 in
711 2933 782 2985 toto
814 2940 946 3005 corpore
977 2918 1134 2984 discrasia.
1170 2918 1205 2984 Si

176 3024 307 3088 atenim
337 3024 440 3089 viator
469 3024 599 3089 haberet
628 3044 770 3087 vermem
802 3024 835 3088 in
859 3024 1026 3090 stomacho
1047 3023 1104 3111 qui
1127 3043 1204 3088 con·

218 3143 359 3194 sumeret
368 3128 601 3193 nutrimentum
611 3129 840 3212 membrorum,
851 3131 1024 3214 *quomodo
1033 3141 1206 3193 servaretur

219 3232 336 3297 sanitas
358 3247 389 3298 et
403 3233 546 3298 valitudo
569 3228 701 3298 eorum?
723 3234 775 3298 Sic
798 3234 822 3297 si
839 3235 1017 3299 sacerdotes
1031 3234 1107 3299 Baal
1130 3252 1206 3296 curu

219 3337 370 3401 uxoribus
401 3352 433 3403 et
459 3337 530 3402 filiis
562 3352 758 3403 consumunt
788 3338 982 3403 mendaciter
1003 3360 1060 3424 per
1081 3351 1204 3403 meatus

148 3454 210 3519 170⁸
219 3456 394 3506 nocturnos
408 3442 430 3489 *
445 3457 476 3507 et
498 3444 717 3508 subterraneos
744 3444 831 3508 bona
852 3444 962 3528 plebis,
995 3457 1083 3529 patet
1103 3442 1204 3507 littera

176 3556 210 3609 30
219 3546 359 3610 Danielis
381 3548 486 3613 x1v⁰z
509 3548 554 3612 sic
575 3562 683 3613 autem
705 3561 753 3613 est
774 3548 807 3611 in
823 3568 955 3633 corpore
970 3548 1099 3613 ecclesie
1114 3546 1205 3612 cuius

218 3649 316 3713 virtus
347 3651 476 3737 regitiva
499 3668 546 3717 est
577 3653 673 3737 patris
704 3652 878 3737 sapiencia;
908 3667 940 3718 et
960 3655 1045 3738 leges
1067 3651 1145 3733 eius,
1168 3664 1205 3716 ut

218 3755 368 3820 mandata
404 3770 500 3841 atque
530 3758 671 3839 consilia,
703 3770 777 3822 sunt
812 3757 974 3842 privilegia
1007 3756 1205 3841 singulariter

219 3859 370 3922 membris
401 3860 531 3926 ecclesie
561 3860 704 3925 officium
735 3861 889 3945 operandi
917 3874 948 3925 et
970 3860 1203 3926 nutrimentum

218 3961 401 4045 limitaneis,
423 3978 461 4028 ut
479 3966 621 4029 membra
636 3965 800 4050 superiora
814 3966 930 4030 debent
952 3964 1039 4049 pasci
1055 3964 1204 4050 precipue

175 4077 209 4131 35
219 4065 331 4148 spiritu
347 4068 475 4132 animali
492 4084 522 4134 et
537 4090 643 4154 regere
657 4091 694 4134 ac
709 4090 839 4134 movere
858 4070 1002 4134 membra
1022 4070 1204 4162 supposita;

259 4286 523 4348 tl.Alnmar1.sNota.
568 4288 953 4347 17.Violentlsgrectesvlolenter.
995 4286 1213 4346 wllrdlscrnsln'

1070 4358 1119 4432 ψ’
