3262 5226
369 459 439 508 cna.
453 440 484 534 t]
746 459 793 513 us
811 459 979 512 accursu

143 598 165 619 '¹
216 634 221 644 ·
258 642 360 710 0129·
412 619 473 683 lsta
495 638 571 702 ergo
595 631 642 682 est
664 615 777 702 triplex
799 636 871 701 pars
894 617 990 680 unius
1021 613 1205 680 universalis
1225 614 1356 680 ecclesie

369 725 434 788 sive
456 720 619 803 catholice,
641 720 716 785 licet
736 720 893 805 quotlibet
907 720 971 785 sint
993 718 1195 805 particulares
1216 718 1357 802 ecclesie,

368 827 444 916 quia
457 840 506 892 tot
520 839 602 912 quot
616 839 692 925 sunt
706 825 852 890 homines
867 823 1081 911 predestinati.
1105 823 1146 888 Et
1169 821 1244 888 hinc
1261 823 1358 888 credo

369 933 458 1020 quod
480 931 513 994 in
535 930 675 994 simbolo
698 929 826 995 ecclesie
849 928 1041 995 confitentur
1063 949 1096 993 se
1118 927 1241 992 credere
1257 947 1359 992 unam

345 1019 511 1108 §sanctam
536 1034 727 1099 catholicam
741 1048 772 1099 et
787 1035 998 1120 apostolicam
1012 1032 1185 1098 ecclesiam
1208 1031 1357 1116 Apostoli

319 1127 321 1131 ¹
370 1141 457 1206 enim
478 1152 554 1205 sunt
575 1140 677 1205 modo
699 1139 732 1203 in
760 1139 829 1205 celo
851 1139 884 1204 in
915 1140 1028 1204 eadem
1048 1136 1272 1224 personalitate
1293 1156 1360 1222 qus
1466 1134 1469 1139 ’

370 1246 515 1311 vixerunt
547 1245 581 1308 in
613 1242 712 1331 tergis,
739 1259 770 1310 et
791 1258 867 1310 sunt
888 1244 989 1308 modo
1021 1256 1127 1329 partes
1158 1242 1253 1328 plene
1283 1262 1359 1328 pur·

371 1365 443 1435 gate
474 1350 617 1415 eiusdem
648 1349 757 1415 matris
785 1348 924 1432 ecclesie,
947 1346 1133 1412 auctoritate
1147 1365 1288 1433 quorum
1309 1347 1359 1412 sui

371 1453 477 1519 vicarii
505 1454 569 1517 iarn
595 1471 709 1540 regunt
741 1453 1011 1519 adolescentulam
1042 1453 1142 1516 modo
1172 1438 1361 1537 querentem

332 1592 362 1628 ιο
372 1579 528 1643 sponsum
550 1559 697 1641 ecclesie;
719 1573 751 1625 et
765 1559 809 1623 sic
824 1558 967 1644 loquitur
982 1559 1145 1623 decretum
1159 1557 1272 1638 xxtv,
1293 1577 1325 1643 q.
1335 1556 1359 1624 l.

374 1665 489 1728 Manet
529 1663 634 1748 inquit
671 1664 738 1728 Leo
778 1684 862 1748 papa
901 1663 990 1726 Petri
1023 1660 1254 1746 privilegium,
1291 1661 1586 1761 uti-pergarnus

374 1788 500 1851 curaque
522 1769 684 1851 exipsius
699 1771 838 1853 equitate
851 1767 970 1854 fertur
991 1766 1159 1832 indictum.
1181 1765 1252 1850 lpse
1274 1764 1360 1829 enim
1368 1716 1587 1832 'militam

374 1871 488 1937 residet
509 1872 541 1935 in
565 1872 640 1937 celis
659 1873 769 1937 videns
792 1887 822 1937 et
837 1893 1011 1958 procurans
1033 1871 1123 1958 quod
1142 1872 1219 1935 deus
1238 1868 1315 1955 liget
1329 1820 1510 1935 aspersos
1552 1821 1586 1867 Μ’

350 1977 485 2046 tsolvst.
515 1977 609 2042 Unde
632 1976 810 2062 supradicta
834 1975 996 2045 decretalis
1016 1974 1061 2038 sic
1082 1972 1239 2059 loquitur:
1254 1973 1360 2039 Unam

335 2093 519 2150 osannam
556 2081 729 2147 ecclesiam
767 2081 959 2145 catholicam
997 2089 1028 2144 et
1062 2081 1166 2162 ipsam
1204 2078 1362 2162 apostoli·

374 2207 446 2251 cam
472 2195 610 2272 urgente
621 2187 696 2272 Jide
718 2186 852 2251 credere
873 2188 1025 2271 cogimur
1056 2195 1088 2248 et
1118 2195 1236 2248 tenere.
1269 2183 1363 2248 Unde

374 2290 528 2354 unitatem
549 2289 634 2354 illius
658 2290 785 2355 ecclesie
815 2289 930 2375 probat
951 2310 989 2353 ex
1011 2289 1165 2375 scriptura
1185 2287 1364 2373 multiplici,

373 2395 478 2481 primo
500 2415 556 2481 per
578 2395 659 2460 illud
681 2395 888 2461 Canticorum
911 2397 979 2478 Vl⁰‚
1003 2396 1038 2460 8:
1066 2393 1138 2456 Una
1153 2404 1202 2459 est
1214 2392 1365 2457 columba

376 2521 458 2578 mea,
475 2499 627 2586 perfecta
650 2517 740 2566 mea:
761 2520 828 2565 nna
855 2511 902 2565 est
924 2502 1024 2565 matri
1052 2518 1123 2581 sue,
1150 2499 1251 2563 electa
1272 2498 1365 2584 geni·

335 2607 450 2673 rotrici
470 2625 538 2670 sue.
563 2605 625 2669 lsta
648 2606 799 2671 columba
822 2606 999 2670 secundum
1021 2604 1213 2670 concordem
1236 2615 1364 2668 sancto·

378 2731 450 2775 rum
471 2709 666 2775 sentenciam
688 2725 734 2775 est
756 2724 856 2775 mater
879 2710 1019 2792 ecclesia,
1041 2709 1133 2773 cuius
1158 2722 1267 2790 mater,
1288 2706 1365 2794 quia
1384 2727 1439 2774 τικ
1453 2729 1579 2827 nepetam

378 2815 507 2880 creatrix
529 2828 576 2878 est
599 2813 721 2878 trinitas
743 2816 792 2878 vel
815 2815 922 2879 divina
944 2814 1093 2898 essentia,
1116 2813 1206 2879 cuius
1229 2812 1365 2898 genitrix
1387 2781 1579 2882 opimas

378 2934 410 2983 et
440 2919 532 2983 lotrix
554 2930 603 2982 est
624 2917 722 3001 patris
753 2919 910 3003 sapiencia
943 2933 975 2984 et
1005 2918 1073 3004 ipsa
1095 2931 1195 2984 mater
1224 2918 1314 3003 virgo
1335 2930 1369 2981 et

379 3043 497 3106 sponsa
519 3021 725 3088 humanitatis
748 3023 864 3089 Christi
889 3024 938 3089 sui
954 3023 1075 3109 capitis.
1100 3024 1146 3087 Ex
1168 3022 1286 3108 quibus
1308 3042 1366 3106 ps·
1451 3101 1453 3105 Ι

340 3140 369 3192 25
381 3126 521 3191 rentibus
548 3126 761 3212 spiritualiter,
794 3142 825 3192 et
856 3148 912 3212 per
946 3148 1154 3213 consequens,
1187 3125 1368 3212 gignicione

380 3230 518 3314 virginea
539 3229 596 3294 lilii
619 3231 748 3296 ecclesie
776 3247 992 3317 procreantur,
1022 3232 1111 3296 iuxta
1141 3232 1230 3318 quod
1262 3229 1368 3316 loqui·

382 3350 433 3398 tur
453 3335 618 3419 apostolus
642 3345 677 3398 2⁸
699 3336 774 3402 Cor.
797 3337 866 3419 xt0,
891 3357 920 3414 s,
945 3337 1114 3421 Despondi
1141 3357 1197 3402 vos
1220 3336 1278 3400 uni
1298 3336 1369 3401 viro

383 3440 540 3525 virginem
563 3450 687 3505 castam
711 3441 862 3505 exhibere
876 3441 1015 3506 Christo.
1040 3440 1127 3506 Cum
1149 3461 1224 3527 ergo
1246 3440 1279 3504 in
1301 3452 1370 3504 tota

383 3544 535 3629 scriptura
556 3566 624 3609 non
647 3545 779 3629 ponitur
799 3545 850 3609 vel
873 3565 937 3609 una
952 3546 1063 3610 sillabs
1085 3545 1152 3610 sine
1174 3558 1280 3627 sensu,
1303 3564 1370 3608 non

342 3658 373 3710 30
383 3663 476 3713 restat
507 3649 584 3734 quid
615 3649 828 3735 pertinencius
858 3650 998 3733 signaret
1027 3650 1091 3715 hoc
1122 3649 1281 3715 adiectum
1302 3668 1370 3713 rens

429 3885 453 3925 ⁴·
468 3870 493 3915 la
508 3870 584 3916 codds
598 3870 683 3929 quola
698 3871 815 3925 simbolo;
829 3871 902 3929 ΑΑ,ι
925 3873 1055 3918 confitetur.
1175 3883 1203 3917 ιι.
1216 3874 1240 3918 Α
1253 3870 1278 3918 ln
1292 3883 1372 3928 ιιιιιςι

383 3937 531 3996 coniugium
550 3940 612 3986 Petri
636 3941 724 3998 ligarat
745 3949 767 3986 et
790 3941 905 3987 solvendl.
927 3941 987 3988 Bia
1008 3953 1088 3998 marg:
1109 3952 1146 3996 sc.
1160 3955 1184 4001 q.
1198 3953 1216 3988 r.
1234 3941 1283 3989 Leo
1300 3952 1372 3999 papa.

384 4008 416 4053 to
432 4009 461 4053 B:
483 4016 505 4054 et
522 4017 637 4056 tenemur.
717 4010 749 4055 18.
764 4010 782 4055 B
795 4010 819 4057 ln
834 4023 908 4067 marn.
927 4009 995 4057 cant.
1011 4009 1051 4056 Vl.
1066 4011 1099 4056 lb.
1120 4011 1172 4057 Una
1185 4011 1247 4058 enirn
1261 4010 1372 4057 columba

383 4088 443 4136 roes,
457 4077 559 4135 perlecta
573 4091 634 4138 ares,
648 4092 695 4125 ona
709 4080 777 4126 mstrl
791 4092 841 4125 sue.
898 4091 929 4126 ιι.
943 4083 965 4125 Α
979 4081 1003 4127 ln
1018 4092 1097 4138 maras
1115 4081 1255 4128 Procreacio
1269 4080 1371 4126 litletona

383 4147 488 4194 ecclesie.
553 4149 660 4208 apulo
675 4162 754 4207 margi
768 4161 789 4195 a.
804 4147 859 4196 Cor.
873 4161 894 4196 s.
960 4149 996 4197 ιδ.
1011 4151 1041 4197 lta
1055 4163 1110 4196 cunr
1125 4151 1202 4207 igitar.
1263 4163 1300 4212 η,
1314 4152 1332 4199 Β
1346 4153 1371 4201 la

384 4228 462 4273 nrsrgs
476 4217 556 4275 Quare
568 4220 603 4274 (in
617 4221 673 4266 eod.
682 4220 748 4279 quid)
762 4220 861 4267 ecelesla
875 4220 905 4268 sit
923 4233 979 4282 una,
992 4221 1031 4267 hle
1045 4221 1177 4270 deducitur.

432 4409 471 4446 ιο.
490 4396 591 4449 Decreti
609 4380 725 4452 secunda
742 4414 811 4469 pars,
830 4414 909 4452 crass
927 4399 1018 4467 XXIV,
1036 4413 1063 4468 q.
1081 4398 1102 4466 l,
1119 4413 1177 4470 cap.
1197 4400 1230 4454 V.
1307 4432 1311 4439 ·
