3262 5226
504 610 843 705 losannensem.
1003 587 1086 685 [css.
1101 604 1165 653 ιιι

179 770 220 835 ds
240 768 444 853 posmiom
464 788 524 835 sua
536 767 645 857 egenis
662 768 799 834 tribuere
819 782 853 835 et
865 768 1026 855 sicusque
1039 766 1081 831 ad
1094 784 1163 831 non
1176 776 1280 852 mult

177 873 323 959 gradum
344 884 378 939 et
390 870 438 939 sie
450 872 671 939 renunciaudo
689 870 814 939 eunctis
828 864 893 959 que
911 869 1052 957 possidet
1071 869 1164 956 sequi

162 966 342 1045 'cuamm
354 976 389 1041 iu
403 976 586 1063 evangeliea
602 992 800 1064 paupertate.
821 975 981 1059 Secundo,
1003 972 1081 1061 quia
1094 987 1194 1045 uma

178 1080 357 1157 necessaria·
367 1093 417 1147 est
431 1080 519 1147 clero
534 1082 635 1148 modo
648 1080 878 1169 temporalium
891 1079 1061 1167 possessio,
1082 1078 1166 1145 sicut

177 1184 238 1251 tuit
266 1186 334 1251 alia·
359 1198 503 1271 potestas
531 1206 682 1251 conceasa
714 1206 736 1251 a
761 1184 890 1252 Christo
916 1184 958 1248 ad
983 1180 1191 1255 iaciendum

177 1290 339 1373 miracula,
377 1290 434 1355 sed
471 1302 588 1355 notum
612 1304 661 1358 cst
685 1290 777 1377 quod
801 1302 932 1377 propter
956 1288 1060 1355 nullas
1094 1306 1163 1352 cor·

178 1394 301 1481 petales
321 1391 514 1461 elemosinas
535 1394 590 1461 dat
610 1394 698 1460 Deus
722 1392 859 1459 meliora
879 1390 1044 1457 carismata
1064 1410 1163 1477 quam

179 1497 241 1565 luit
268 1512 410 1585 potestas
440 1496 576 1565 faciendi
607 1498 779 1582 miracula3
812 1518 891 1584 ergo
924 1509 1056 1583 propter
1085 1494 1168 1561 tales

179 1602 369 1669 elemosinas
390 1622 460 1668 nou
481 1600 611 1689 recipiet
631 1601 825 1669 distribuens
842 1601 1009 1667 catismata
1022 1598 1163 1687 pociora.

178 1706 299 1773 Ymmo
341 1726 419 1773 eum
463 1706 665 1773 necusarior·
704 1706 746 1773 sit
793 1706 894 1773 ιιιοᾶο
922 1701 1164 1793 temporalium
1177 1734 1209 1772 ιο

178 1810 338 1899 pomessio
360 1830 462 1897 quam
482 1824 623 1897 potestas
638 1810 772 1878 faciendi
786 1801 949 1895 miraculo,
971 1824 1003 1876 et
1024 1808 1166 1896 quelibet

177 1914 275 2001 partis
285 1915 497 2003 possessionis
511 1915 644 2003 particio
658 1918 803 2003 perderet
816 1916 905 1982 iilam
918 1915 1166 2003 pomessiouena,

177 2038 253 2085 cum
277 2020 321 2087 sit
348 2040 399 2085 res
429 2018 615 2104 inanimata,
650 2018 776 2087 videtur
792 2104 796 2109 Ι
810 2020 900 2107 sequi
934 2041 973 2086 cs
1007 2016 1166 2105 principio

178 2126 268 2209 quod
298 2123 424 2191 fatuum
450 2123 533 2191 iuret
558 2126 643 2191 clero
668 2124 907 2211 pomessinnatn
929 2122 1166 2211 possessionem

178 2248 271 2295 suam
291 2228 435 2315 perdere.
458 2230 526 2295 Nee
548 2231 630 2297 valet
651 2228 755 2317 egenti
774 2231 907 2318 allegare
927 2228 1165 2321 possessionem
1178 2242 1208 2297 ι5

179 2334 267 2419 quod
293 2333 334 2399 de
359 2330 524 2419 superfluo
549 2334 600 2399 rel
626 2333 841 2420 principaliter
869 2333 1045 2400 necessario
1071 2334 1166 2400 debet

178 2436 315 2503 tribucre
328 2435 359 2521 ⁸,
374 2436 452 2523 quia
482 2435 534 2527 (ut
566 2438 710 2525 sequitur
744 2460 783 2504 cs
819 2437 975 2526 principio
1005 2436 1164 2525 sapiencie
1179 2456 1239 2523 ιρι·

178 2538 358 2629 dyabolice)
380 2540 478 2607 nichil
493 2557 542 2608 est
562 2542 676 2609 clerico
697 2543 933 2631 possessinnato
954 2542 1165 2631 superfluum,

178 2645 234 2710 sed
255 2645 296 2709 de
316 2659 441 2732 quanto
463 2646 537 2731 plus
558 2636 711 2733 possidet,
737 2648 778 2714 de
799 2661 889 2715 tanto
910 2649 1000 2735 quod
1021 2647 1164 2735 possidet

178 2762 226 2815 cst
260 2748 319 2815 sibi
356 2749 460 2837 nangis
502 2751 725 2835 necessarium,
768 2752 845 2840 quia
884 2754 1024 2839 complet
1065 2772 1165 2817 uuam
1176 2781 1209 2819 ιο

178 2852 416 2939 possessionem
438 2876 590 2940 magnam
610 2857 857 2923 necessariorem
878 2858 1018 2926 ecclesie.

127 2984 158 3073 ιΙηι
222 2958 298 3022 ldeo
320 2960 508 3025 detestando
531 2961 593 3025 hoe
615 2961 756 3045 porisma
778 2963 817 3026 de
835 2955 924 3027 scola
942 2962 1069 3048 dyaboli
1091 2960 1165 3026 dico

127 3082 152 3179 1ee
142 3040 267 3178 ⁸quod
291 3063 484 3129 necessarior
505 3064 596 3129 luit
587 3086 619 3129 ιιι
643 3067 728 3131 clero
743 3067 924 3132 dominacio
940 3067 1167 3153 temporalium

127 3134 170 3229 ιζ’
179 3165 211 3230 in
234 3168 392 3253 primitiva
414 3169 546 3234 ecclesia
568 3169 723 3234 militante
745 3192 843 3257 quam
867 3186 914 3237 cst
935 3172 1044 3236 modo.
1075 3172 1168 3236 Patet

181 3291 218 3334 ex
239 3270 302 3336 hoe
324 3273 414 3357 quod
441 3285 518 3336 tunc
550 3272 611 3339 fuit
642 3274 750 3340 utilior
782 3289 815 3340 et
845 3275 1024 3341 meritorior
1056 3291 1088 3340 et
1109 3296 1166 3362 per
1177 3287 1209 3342 ι5

181 3396 378 3463 consequens
394 3377 594 3442 necessarior.
610 3378 705 3444 Tunc
720 3381 807 3444 enim
823 3378 883 3444 fuit
893 3400 972 3465 pure
987 3380 1167 3466 evangelica

180 3480 263 3545 cirili
279 3479 425 3544 dominio
447 3480 657 3566 impermixta.
679 3483 819 3548 Ulterius
834 3483 906 3549 dico
921 3485 1062 3548 secundo
1077 3484 1169 3571 quod

180 3599 319 3669 potestas
350 3583 485 3648 faciendi
524 3586 675 3651 miracula
711 3585 772 3651 luit
803 3587 994 3653 necessarior
1025 3588 1166 3670 ecclesie,

180 3708 278 3774 quam
308 3708 453 3775 uuquam
484 3689 543 3755 fuit
569 3692 795 3776 temporalium
826 3691 985 3778 possessio
1008 3694 1166 3778 quodam·

180 3795 278 3860 modo
300 3793 434 3873 infinite,
466 3795 541 3881 quia
567 3809 708 3880 potestas
730 3795 784 3860 illa
806 3812 854 3862 est
876 3813 988 3862 natura
1010 3797 1165 3882 superior,
1176 3810 1212 3865 30

127 3944 158 3985 μ,
181 3898 262 3963 sicut
291 3899 392 3965 virtus
424 3900 547 3964 excedit
578 3900 668 3964 civile
699 3900 890 3967 dominium
927 3903 1020 3967 Unde
1042 3902 1167 3987 Symou

127 3988 292 4098 &magus
327 4023 393 4069 nou
430 4003 492 4069 luit
528 4019 594 4069 tam
619 4003 731 4070 ¹fatuus
762 4006 841 4091 quin
872 4006 1004 4072 libenter
1032 4005 1169 4071 voluerit

181 4122 394 4173 commutasse
409 4109 581 4194 pecuniam
599 4130 660 4194 pto
680 4123 837 4194 potestate
858 4110 991 4175 faciendi
1005 4109 1168 4193 miracula,

217 4327 238 4377 i·
252 4342 275 4384 c
299 4328 328 4373 lla
348 4333 397 4374 tau
411 4328 486 4375 mults
503 4336 546 4375 est.
661 4342 692 4377 ts.
718 4333 741 4378 Α
754 4330 779 4378 la
793 4343 882 4390 marna
902 4332 1033 4392 Responsio
1055 4330 1168 4395 quedam.

183 4398 215 4445 td.
229 4398 260 4444 Ba
274 4399 309 4444 sel
324 4397 452 4456 principles
556 4409 591 4444 ts.
605 4398 655 4446 All
669 4401 693 4447 lu
703 4413 793 4462 marga
808 4401 937 4458 Responsio
945 4402 1170 4462 proprut‘otastaa

182 4467 282 4515 ladsadl
303 4468 419 4514 muscula
441 4479 536 4528 semper
556 4469 601 4516 lolt
620 4471 701 4518 odller
721 4472 821 4519 eeclasle
846 4484 919 4533 quatu
938 4473 1001 4519 bona
1017 4470 1168 4530 tampmslln

181 4549 217 4596 ap.
230 4538 473 4598 AA2slmpermlstl.
498 4541 523 4586 Α
536 4540 560 4585 la
574 4550 663 4598 maran
678 4538 815 4588 condam
917 4541 952 4591 is.
966 4544 1047 4604 ΑΑμ
1060 4542 1143 4590 solun.
