<?xml version="1.0" encoding="UTF-8"?>
<!DOCTYPE html PUBLIC "-//W3C//DTD XHTML 1.0 Transitional//EN"
    "http://www.w3.org/TR/xhtml1/DTD/xhtml1-transitional.dtd">
<html xmlns="http://www.w3.org/1999/xhtml" xml:lang="en" lang="en">
 <head>
  <title>
</title>
<meta http-equiv="Content-Type" content="text/html;charset=utf-8" />
  <meta name='ocr-system' content='tesseract 3.04.00' />
  <meta name='ocr-capabilities' content='ocr_page ocr_carea ocr_par ocr_line ocrx_word'/>
</head>
<body>
  <div class='ocr_page' id='page_1' title='image "./iohanniswyclift00mattgoog_0204.png"; bbox 0 0 3262 5226; ppageno 0'>
   <div class='ocr_carea' id='block_1_1' title="bbox 292 454 910 560">
    <p class='ocr_par' dir='ltr' id='par_1_1' title="bbox 292 454 910 560">
     <span class='ocr_line' id='line_1_1' title="bbox 292 454 910 560; baseline 0.003 -27"><span class='ocrx_word' id='word_1_1' title='bbox 292 486 364 533; x_wconf 77' lang='lat' dir='ltr'>cae.</span> <span class='ocrx_word' id='word_1_2' title='bbox 372 468 448 560; x_wconf 78' lang='grc'><strong>11111]</strong></span> <span class='ocrx_word' id='word_1_3' title='bbox 671 484 716 537; x_wconf 75' lang='lat' dir='ltr'>ott</span> <span class='ocrx_word' id='word_1_4' title='bbox 735 454 910 536; x_wconf 66' lang='lat' dir='ltr'>Ecc&#39;tustn.</span> 
     </span>
    </p>
   </div>
   <div class='ocr_carea' id='block_1_2' title="bbox 87 637 1504 2083">
    <p class='ocr_par' dir='ltr' id='par_1_2' title="bbox 87 637 1504 2083">
     <span class='ocr_line' id='line_1_2' title="bbox 87 637 1279 726; baseline -0.009 -13"><span class='ocrx_word' id='word_1_5' title='bbox 87 694 91 705; x_wconf 76' lang='lat'><em>·</em></span> <span class='ocrx_word' id='word_1_6' title='bbox 178 668 204 721; x_wconf 69' lang='lat' dir='ltr'>n</span> <span class='ocrx_word' id='word_1_7' title='bbox 220 650 405 720; x_wconf 64' lang='lat' dir='ltr'>‚svl’etrus</span> <span class='ocrx_word' id='word_1_8' title='bbox 425 646 489 709; x_wconf 78' lang='lat' dir='ltr'>sibi</span> <span class='ocrx_word' id='word_1_9' title='bbox 511 641 674 726; x_wconf 87' lang='lat' dir='ltr'>displicuit</span> <span class='ocrx_word' id='word_1_10' title='bbox 687 640 817 724; x_wconf 80' lang='lat' dir='ltr'>quando</span> <span class='ocrx_word' id='word_1_11' title='bbox 829 640 936 722; x_wconf 80' lang='lat' dir='ltr'>flevit,</span> <span class='ocrx_word' id='word_1_12' title='bbox 952 658 1050 723; x_wconf 80' lang='lat' dir='ltr'>quom</span> <span class='ocrx_word' id='word_1_13' title='bbox 1071 639 1133 702; x_wconf 74' lang='lat' dir='ltr'>silei</span> <span class='ocrx_word' id='word_1_14' title='bbox 1148 637 1279 721; x_wconf 85' lang='lat' dir='ltr'>placuit</span> 
     </span>
     <span class='ocr_line' id='line_1_3' title="bbox 290 741 1279 837; baseline -0.008 -23"><span class='ocrx_word' id='word_1_15' title='bbox 290 752 421 837; x_wconf 72' lang='lat' dir='ltr'>picando</span> <span class='ocrx_word' id='word_1_16' title='bbox 447 747 661 833; x_wconf 77' lang='lat' dir='ltr'><em>presumpsit.</em></span> <span class='ocrx_word' id='word_1_17' title='bbox 692 745 755 809; x_wconf 87' lang='lat' dir='ltr'>Sed</span> <span class='ocrx_word' id='word_1_18' title='bbox 777 764 835 828; x_wconf 92' lang='lat' dir='ltr'>per</span> <span class='ocrx_word' id='word_1_19' title='bbox 855 765 889 808; x_wconf 93' lang='lat' dir='ltr'>se</span> <span class='ocrx_word' id='word_1_20' title='bbox 911 757 1027 807; x_wconf 90' lang='lat' dir='ltr'>notum</span> <span class='ocrx_word' id='word_1_21' title='bbox 1049 755 1097 807; x_wconf 88' lang='lat' dir='ltr'>est</span> <span class='ocrx_word' id='word_1_22' title='bbox 1119 741 1279 827; x_wconf 75' lang='lat' dir='ltr'>theologis</span> 
     </span>
     <span class='ocr_line' id='line_1_4' title="bbox 289 847 1276 940; baseline -0.009 -21"><span class='ocrx_word' id='word_1_23' title='bbox 289 856 378 940; x_wconf 88' lang='lat' dir='ltr'>quod</span> <span class='ocrx_word' id='word_1_24' title='bbox 412 875 477 916; x_wconf 90' lang='lat' dir='ltr'>non</span> <span class='ocrx_word' id='word_1_25' title='bbox 510 851 622 914; x_wconf 82' lang='lat' dir='ltr'>exinde</span> <span class='ocrx_word' id='word_1_26' title='bbox 643 849 840 934; x_wconf 82' lang='lat' dir='ltr'>peccandum</span> <span class='ocrx_word' id='word_1_27' title='bbox 870 862 928 929; x_wconf 87' lang='lat' dir='ltr'>est,</span> <span class='ocrx_word' id='word_1_28' title='bbox 960 848 1050 932; x_wconf 91' lang='lat' dir='ltr'>quod</span> <span class='ocrx_word' id='word_1_29' title='bbox 1082 847 1206 910; x_wconf 86' lang='lat' dir='ltr'>bonum</span> <span class='ocrx_word' id='word_1_30' title='bbox 1237 866 1276 910; x_wconf 82' lang='lat' dir='ltr'>ex</span> 
     </span>
     <span class='ocr_line' id='line_1_5' title="bbox 289 953 1276 1042; baseline -0.007 -21"><span class='ocrx_word' id='word_1_31' title='bbox 289 959 393 1042; x_wconf 83' lang='lat' dir='ltr'>grecia</span> <span class='ocrx_word' id='word_1_32' title='bbox 416 956 474 1021; x_wconf 89' lang='lat' dir='ltr'>Dei</span> <span class='ocrx_word' id='word_1_33' title='bbox 506 956 618 1020; x_wconf 79' lang='lat' dir='ltr'>exinde</span> <span class='ocrx_word' id='word_1_34' title='bbox 640 953 814 1039; x_wconf 82' lang='lat' dir='ltr'>proveniat.</span> <span class='ocrx_word' id='word_1_35' title='bbox 849 953 942 1019; x_wconf 92' lang='lat' dir='ltr'>Unde</span> <span class='ocrx_word' id='word_1_36' title='bbox 964 953 1060 1017; x_wconf 91' lang='lat' dir='ltr'>credo</span> <span class='ocrx_word' id='word_1_37' title='bbox 1081 953 1171 1037; x_wconf 91' lang='lat' dir='ltr'>quod</span> <span class='ocrx_word' id='word_1_38' title='bbox 1202 970 1276 1036; x_wconf 88' lang='lat' dir='ltr'>pec·</span> 
     </span>
     <span class='ocr_line' id='line_1_6' title="bbox 265 1056 1278 1145; baseline -0.004 -20"><span class='ocrx_word' id='word_1_39' title='bbox 265 1077 397 1134; x_wconf 75' lang='lat' dir='ltr'>scotum</span> <span class='ocrx_word' id='word_1_40' title='bbox 427 1060 593 1145; x_wconf 89' lang='lat' dir='ltr'>publicum</span> <span class='ocrx_word' id='word_1_41' title='bbox 624 1060 792 1123; x_wconf 91' lang='lat' dir='ltr'>doctorum</span> <span class='ocrx_word' id='word_1_42' title='bbox 813 1078 881 1142; x_wconf 94' lang='lat' dir='ltr'>quo</span> <span class='ocrx_word' id='word_1_43' title='bbox 904 1056 1070 1121; x_wconf 86' lang='lat' dir='ltr'>manifeste</span> <span class='ocrx_word' id='word_1_44' title='bbox 1097 1056 1278 1141; x_wconf 87' lang='lat' dir='ltr'>approbant</span> 
     </span>
     <span class='ocr_line' id='line_1_7' title="bbox 290 1160 1277 1246; baseline -0.007 -17"><span class='ocrx_word' id='word_1_45' title='bbox 290 1165 493 1229; x_wconf 78' lang='lat' dir='ltr'>mendacium</span> <span class='ocrx_word' id='word_1_46' title='bbox 524 1177 560 1228; x_wconf 93' lang='lat' dir='ltr'>ut</span> <span class='ocrx_word' id='word_1_47' title='bbox 592 1163 750 1243; x_wconf 81' lang='lat' dir='ltr'>virtutem,</span> <span class='ocrx_word' id='word_1_48' title='bbox 781 1175 813 1226; x_wconf 91' lang='lat' dir='ltr'>et</span> <span class='ocrx_word' id='word_1_49' title='bbox 843 1161 980 1226; x_wconf 86' lang='lat' dir='ltr'>mendax</span> <span class='ocrx_word' id='word_1_50' title='bbox 1002 1160 1153 1246; x_wconf 82' lang='lat' dir='ltr'>allegacio</span> <span class='ocrx_word' id='word_1_51' title='bbox 1180 1160 1277 1245; x_wconf 79' lang='lat' dir='ltr'>origi·</span> 
     </span>
     <span class='ocr_line' id='line_1_8' title="bbox 290 1266 1279 1353; baseline -0.002 -20"><span class='ocrx_word' id='word_1_52' title='bbox 290 1272 421 1352; x_wconf 88' lang='lat' dir='ltr'>nulium,</span> <span class='ocrx_word' id='word_1_53' title='bbox 453 1282 489 1333; x_wconf 91' lang='lat' dir='ltr'>ut</span> <span class='ocrx_word' id='word_1_54' title='bbox 520 1267 686 1332; x_wconf 79' lang='lat' dir='ltr'>mendacio</span> <span class='ocrx_word' id='word_1_55' title='bbox 712 1267 842 1353; x_wconf 76' lang='lat' dir='ltr'>pallient</span> <span class='ocrx_word' id='word_1_56' title='bbox 863 1266 985 1331; x_wconf 89' lang='lat' dir='ltr'>dictum</span> <span class='ocrx_word' id='word_1_57' title='bbox 1009 1286 1117 1347; x_wconf 81' lang='lat' dir='ltr'>suum,</span> <span class='ocrx_word' id='word_1_58' title='bbox 1139 1280 1279 1331; x_wconf 85' lang='lat' dir='ltr'>vertetur</span> 
     </span>
     <span class='ocr_line' id='line_1_9' title="bbox 289 1369 1277 1458; baseline -0.004 -21"><span class='ocrx_word' id='word_1_59' title='bbox 289 1396 325 1438; x_wconf 85' lang='lat' dir='ltr'>ex</span> <span class='ocrx_word' id='word_1_60' title='bbox 341 1374 445 1458; x_wconf 78' lang='lat' dir='ltr'>gracia</span> <span class='ocrx_word' id='word_1_61' title='bbox 461 1373 517 1436; x_wconf 90' lang='lat' dir='ltr'>Dei</span> <span class='ocrx_word' id='word_1_62' title='bbox 535 1372 595 1436; x_wconf 88' lang='lat' dir='ltr'>illis</span> <span class='ocrx_word' id='word_1_63' title='bbox 610 1371 642 1434; x_wconf 95' lang='lat' dir='ltr'>in</span> <span class='ocrx_word' id='word_1_64' title='bbox 658 1372 878 1453; x_wconf 89' lang='lat' dir='ltr'>commodum,</span> <span class='ocrx_word' id='word_1_65' title='bbox 893 1372 974 1436; x_wconf 89' lang='lat' dir='ltr'>dum</span> <span class='ocrx_word' id='word_1_66' title='bbox 993 1384 1101 1435; x_wconf 88' lang='lat' dir='ltr'>tameo</span> <span class='ocrx_word' id='word_1_67' title='bbox 1116 1370 1150 1434; x_wconf 93' lang='lat' dir='ltr'>in</span> <span class='ocrx_word' id='word_1_68' title='bbox 1165 1369 1228 1435; x_wconf 88' lang='lat' dir='ltr'>isto</span> <span class='ocrx_word' id='word_1_69' title='bbox 1242 1390 1277 1434; x_wconf 88' lang='lat' dir='ltr'>se</span> 
     </span>
     <span class='ocr_line' id='line_1_10' title="bbox 289 1474 1278 1562; baseline -0.003 -21"><span class='ocrx_word' id='word_1_70' title='bbox 289 1478 446 1562; x_wconf 83' lang='lat' dir='ltr'>corrigunt</span> <span class='ocrx_word' id='word_1_71' title='bbox 468 1490 499 1541; x_wconf 96' lang='lat' dir='ltr'>et</span> <span class='ocrx_word' id='word_1_72' title='bbox 526 1490 784 1562; x_wconf 76' lang='lat' dir='ltr'>recognoscentes</span> <span class='ocrx_word' id='word_1_73' title='bbox 812 1475 973 1540; x_wconf 89' lang='lat' dir='ltr'>defectum</span> <span class='ocrx_word' id='word_1_74' title='bbox 995 1495 1092 1539; x_wconf 88' lang='lat' dir='ltr'>suum</span> <span class='ocrx_word' id='word_1_75' title='bbox 1114 1474 1278 1539; x_wconf 88' lang='lat' dir='ltr'>humiliter</span> 
     </span>
     <span class='ocr_line' id='line_1_11' title="bbox 250 1578 1277 1666; baseline -0.005 -17"><span class='ocrx_word' id='word_1_76' title='bbox 250 1581 480 1666; x_wconf 76' lang='lat' dir='ltr'>roresipiscant.</span> <span class='ocrx_word' id='word_1_77' title='bbox 519 1580 601 1658; x_wconf 89' lang='lat' dir='ltr'>Quis</span> <span class='ocrx_word' id='word_1_78' title='bbox 628 1601 707 1664; x_wconf 81' lang='lat' dir='ltr'>rogo</span> <span class='ocrx_word' id='word_1_79' title='bbox 735 1579 825 1644; x_wconf 84' lang='lat' dir='ltr'>aliter</span> <span class='ocrx_word' id='word_1_80' title='bbox 851 1593 976 1664; x_wconf 87' lang='lat' dir='ltr'>caperet</span> <span class='ocrx_word' id='word_1_81' title='bbox 1003 1599 1059 1644; x_wconf 90' lang='lat' dir='ltr'>eos</span> <span class='ocrx_word' id='word_1_82' title='bbox 1082 1578 1113 1643; x_wconf 90' lang='lat' dir='ltr'>io</span> <span class='ocrx_word' id='word_1_83' title='bbox 1137 1579 1277 1645; x_wconf 89' lang='lat' dir='ltr'>testimo·</span> 
     </span>
     <span class='ocr_line' id='line_1_12' title="bbox 290 1683 1277 1770; baseline -0.002 -21"><span class='ocrx_word' id='word_1_84' title='bbox 290 1686 380 1749; x_wconf 89' lang='lat' dir='ltr'>nium</span> <span class='ocrx_word' id='word_1_85' title='bbox 394 1686 444 1749; x_wconf 83' lang='lat' dir='ltr'>vel</span> <span class='ocrx_word' id='word_1_86' title='bbox 460 1685 643 1770; x_wconf 83' lang='lat' dir='ltr'>ellegacioni</span> <span class='ocrx_word' id='word_1_87' title='bbox 656 1705 767 1748; x_wconf 90' lang='lat' dir='ltr'>eorum</span> <span class='ocrx_word' id='word_1_88' title='bbox 777 1685 925 1765; x_wconf 84' lang='lat' dir='ltr'>crederet,</span> <span class='ocrx_word' id='word_1_89' title='bbox 940 1684 1021 1748; x_wconf 88' lang='lat' dir='ltr'>dum</span> <span class='ocrx_word' id='word_1_90' title='bbox 1035 1683 1175 1749; x_wconf 83' lang='lat' dir='ltr'>dicerent</span> <span class='ocrx_word' id='word_1_91' title='bbox 1188 1684 1277 1770; x_wconf 88' lang='lat' dir='ltr'>quod</span> 
     </span>
     <span class='ocr_line' id='line_1_13' title="bbox 289 1788 1278 1876; baseline -0.002 -22"><span class='ocrx_word' id='word_1_92' title='bbox 289 1791 448 1876; x_wconf 79' lang='lat' dir='ltr'>privatum</span> <span class='ocrx_word' id='word_1_93' title='bbox 477 1791 688 1853; x_wconf 88' lang='lat' dir='ltr'>commodum</span> <span class='ocrx_word' id='word_1_94' title='bbox 710 1789 906 1853; x_wconf 87' lang='lat' dir='ltr'>meritorium</span> <span class='ocrx_word' id='word_1_95' title='bbox 930 1788 970 1853; x_wconf 92' lang='lat' dir='ltr'>sit</span> <span class='ocrx_word' id='word_1_96' title='bbox 997 1788 1139 1872; x_wconf 87' lang='lat' dir='ltr'>mentiri;</span> <span class='ocrx_word' id='word_1_97' title='bbox 1170 1808 1278 1853; x_wconf 81' lang='lat' dir='ltr'>revera</span> 
     </span>
     <span class='ocr_line' id='line_1_14' title="bbox 290 1891 1467 1984; baseline -0.003 -25"><span class='ocrx_word' id='word_1_98' title='bbox 290 1896 396 1961; x_wconf 89' lang='lat' dir='ltr'>nescio</span> <span class='ocrx_word' id='word_1_99' title='bbox 419 1916 481 1981; x_wconf 93' lang='lat' dir='ltr'>que</span> <span class='ocrx_word' id='word_1_100' title='bbox 509 1894 620 1978; x_wconf 92' lang='lat' dir='ltr'>opinio</span> <span class='ocrx_word' id='word_1_101' title='bbox 646 1895 788 1958; x_wconf 90' lang='lat' dir='ltr'>redderet</span> <span class='ocrx_word' id='word_1_102' title='bbox 813 1893 980 1958; x_wconf 88' lang='lat' dir='ltr'>hominem</span> <span class='ocrx_word' id='word_1_103' title='bbox 1012 1894 1084 1978; x_wconf 90' lang='lat' dir='ltr'>plus</span> <span class='ocrx_word' id='word_1_104' title='bbox 1110 1891 1275 1960; x_wconf 78' lang='lat' dir='ltr'>infamem.</span> <span class='ocrx_word' id='word_1_105' title='bbox 1459 1970 1467 1984; x_wconf 44' lang='lat'><strong>·</strong></span> 
     </span>
     <span class='ocr_line' id='line_1_15' title="bbox 255 1997 1504 2083; baseline 0.006 -19"><span class='ocrx_word' id='word_1_106' title='bbox 255 2013 279 2064; x_wconf 72' lang='lat' dir='ltr'>t*</span> <span class='ocrx_word' id='word_1_107' title='bbox 332 2004 499 2079; x_wconf 86' lang='lat' dir='ltr'>Quantum</span> <span class='ocrx_word' id='word_1_108' title='bbox 530 1999 570 2061; x_wconf 87' lang='lat' dir='ltr'>ad</span> <span class='ocrx_word' id='word_1_109' title='bbox 601 1999 772 2063; x_wconf 88' lang='lat' dir='ltr'>secundam</span> <span class='ocrx_word' id='word_1_110' title='bbox 803 1997 999 2063; x_wconf 88' lang='lat' dir='ltr'>evidenciam</span> <span class='ocrx_word' id='word_1_111' title='bbox 1021 1999 1111 2083; x_wconf 92' lang='lat' dir='ltr'>quod</span> <span class='ocrx_word' id='word_1_112' title='bbox 1145 2012 1276 2083; x_wconf 87' lang='lat' dir='ltr'>propter</span> <span class='ocrx_word' id='word_1_113' title='bbox 1285 2020 1323 2067; x_wconf 83' lang='grc' dir='ltr'>το</span> <span class='ocrx_word' id='word_1_114' title='bbox 1343 2023 1415 2068; x_wconf 64' lang='lat' dir='ltr'>mov</span> <span class='ocrx_word' id='word_1_115' title='bbox 1461 2025 1504 2083; x_wconf 65' lang='lat' dir='ltr'>‘aa</span> 
     </span>
    </p>
   </div>
   <div class='ocr_carea' id='block_1_3' title="bbox 249 2075 1504 2189">
    <p class='ocr_par' dir='ltr' id='par_1_3' title="bbox 249 2075 1504 2189">
     <span class='ocr_line' id='line_1_16' title="bbox 249 2075 1504 2189; baseline 0.006 -20"><span class='ocrx_word' id='word_1_116' title='bbox 249 2107 436 2169; x_wconf 71' lang='lat' dir='ltr'>rsmlvondu</span> <span class='ocrx_word' id='word_1_117' title='bbox 468 2103 631 2188; x_wconf 82' lang='lat' dir='ltr'>privilegia</span> <span class='ocrx_word' id='word_1_118' title='bbox 662 2103 790 2167; x_wconf 83' lang='lat' dir='ltr'>ecclesie</span> <span class='ocrx_word' id='word_1_119' title='bbox 822 2103 904 2168; x_wconf 92' lang='lat' dir='ltr'>sicut</span> <span class='ocrx_word' id='word_1_120' title='bbox 931 2103 963 2166; x_wconf 91' lang='lat' dir='ltr'>in</span> <span class='ocrx_word' id='word_1_121' title='bbox 991 2124 1066 2167; x_wconf 89' lang='lat' dir='ltr'>casu</span> <span class='ocrx_word' id='word_1_122' title='bbox 1093 2103 1149 2188; x_wconf 90' lang='lat' dir='ltr'>qui</span> <span class='ocrx_word' id='word_1_123' title='bbox 1173 2123 1276 2189; x_wconf 86' lang='lat' dir='ltr'>nuper</span> <span class='ocrx_word' id='word_1_124' title='bbox 1285 2075 1504 2177; x_wconf 41' lang='lat' dir='ltr'>&amp;iiii&#39;fvooii‘</span> 
     </span>
    </p>
   </div>
   <div class='ocr_carea' id='block_1_4' title="bbox 244 2180 1505 4177">
    <p class='ocr_par' dir='ltr' id='par_1_4' title="bbox 244 2180 1505 4177">
     <span class='ocr_line' id='line_1_17' title="bbox 289 2180 1505 2296; baseline 0.006 -22"><span class='ocrx_word' id='word_1_125' title='bbox 289 2211 421 2296; x_wconf 81' lang='lat' dir='ltr'>contigit</span> <span class='ocrx_word' id='word_1_126' title='bbox 444 2208 643 2272; x_wconf 88' lang='lat' dir='ltr'>meritorium</span> <span class='ocrx_word' id='word_1_127' title='bbox 666 2208 705 2272; x_wconf 90' lang='lat' dir='ltr'>sit</span> <span class='ocrx_word' id='word_1_128' title='bbox 726 2208 863 2290; x_wconf 85' lang='lat' dir='ltr'>mentiri,</span> <span class='ocrx_word' id='word_1_129' title='bbox 885 2207 1094 2272; x_wconf 85' lang='lat' dir='ltr'>manifestum</span> <span class='ocrx_word' id='word_1_130' title='bbox 1115 2221 1164 2272; x_wconf 90' lang='lat' dir='ltr'>est</span> <span class='ocrx_word' id='word_1_131' title='bbox 1186 2208 1275 2292; x_wconf 91' lang='lat' dir='ltr'>quod</span> <span class='ocrx_word' id='word_1_132' title='bbox 1284 2180 1356 2278; x_wconf 65' lang='grc'><strong>11111</strong></span> <span class='ocrx_word' id='word_1_133' title='bbox 1358 2181 1505 2292; x_wconf 50' lang='lat' dir='ltr'>iiiiii}</span> 
     </span>
     <span class='ocr_line' id='line_1_18' title="bbox 288 2312 1275 2398; baseline 0.001 -22"><span class='ocrx_word' id='word_1_134' title='bbox 288 2317 405 2398; x_wconf 81' lang='lat' dir='ltr'>dogma</span> <span class='ocrx_word' id='word_1_135' title='bbox 435 2313 514 2377; x_wconf 91' lang='lat' dir='ltr'>illud</span> <span class='ocrx_word' id='word_1_136' title='bbox 548 2312 717 2377; x_wconf 89' lang='lat' dir='ltr'>inficiendo</span> <span class='ocrx_word' id='word_1_137' title='bbox 749 2312 911 2398; x_wconf 80' lang='lat' dir='ltr'>privilegia</span> <span class='ocrx_word' id='word_1_138' title='bbox 944 2313 1088 2376; x_wconf 92' lang='lat' dir='ltr'>redderet</span> <span class='ocrx_word' id='word_1_139' title='bbox 1122 2332 1275 2398; x_wconf 81' lang='lat' dir='ltr'>procura·</span> 
     </span>
     <span class='ocr_line' id='line_1_19' title="bbox 287 2417 1276 2504; baseline -0.001 -21"><span class='ocrx_word' id='word_1_140' title='bbox 287 2433 389 2483; x_wconf 86' lang='lat' dir='ltr'>torem</span> <span class='ocrx_word' id='word_1_141' title='bbox 421 2418 550 2482; x_wconf 85' lang='lat' dir='ltr'>ecclesie</span> <span class='ocrx_word' id='word_1_142' title='bbox 585 2417 679 2480; x_wconf 91' lang='lat' dir='ltr'>nimis</span> <span class='ocrx_word' id='word_1_143' title='bbox 710 2431 909 2504; x_wconf 77' lang='lat' dir='ltr'>suspectum3</span> <span class='ocrx_word' id='word_1_144' title='bbox 945 2438 1022 2482; x_wconf 91' lang='lat' dir='ltr'>cum</span> <span class='ocrx_word' id='word_1_145' title='bbox 1059 2417 1145 2482; x_wconf 90' lang='lat' dir='ltr'>enim</span> <span class='ocrx_word' id='word_1_146' title='bbox 1176 2439 1276 2482; x_wconf 90' lang='lat' dir='ltr'>omne</span> 
     </span>
     <span class='ocr_line' id='line_1_20' title="bbox 289 2522 1275 2610; baseline 0.004 -26"><span class='ocrx_word' id='word_1_147' title='bbox 289 2522 486 2608; x_wconf 79' lang='lat' dir='ltr'>privilegium</span> <span class='ocrx_word' id='word_1_148' title='bbox 516 2523 566 2585; x_wconf 79' lang='lat' dir='ltr'>uel</span> <span class='ocrx_word' id='word_1_149' title='bbox 601 2522 724 2587; x_wconf 87' lang='lat' dir='ltr'>libertas</span> <span class='ocrx_word' id='word_1_150' title='bbox 746 2523 788 2588; x_wconf 93' lang='lat' dir='ltr'>sit</span> <span class='ocrx_word' id='word_1_151' title='bbox 809 2522 981 2587; x_wconf 89' lang='lat' dir='ltr'>fundatum</span> <span class='ocrx_word' id='word_1_152' title='bbox 1003 2524 1036 2587; x_wconf 92' lang='lat' dir='ltr'>in</span> <span class='ocrx_word' id='word_1_153' title='bbox 1058 2523 1275 2610; x_wconf 84' lang='lat' dir='ltr'>veritateque</span> 
     </span>
     <span class='ocr_line' id='line_1_21' title="bbox 246 2627 1276 2714; baseline 0.007 -28"><span class='ocrx_word' id='word_1_154' title='bbox 246 2652 277 2687; x_wconf 65' lang='grc' dir='ltr'>ιο</span> <span class='ocrx_word' id='word_1_155' title='bbox 286 2643 333 2693; x_wconf 91' lang='lat' dir='ltr'>est</span> <span class='ocrx_word' id='word_1_156' title='bbox 356 2648 493 2714; x_wconf 90' lang='lat' dir='ltr'>sponsus</span> <span class='ocrx_word' id='word_1_157' title='bbox 509 2627 647 2708; x_wconf 84' lang='lat' dir='ltr'>ecclesie,</span> <span class='ocrx_word' id='word_1_158' title='bbox 669 2627 872 2692; x_wconf 85' lang='lat' dir='ltr'>manifestum</span> <span class='ocrx_word' id='word_1_159' title='bbox 895 2627 1054 2713; x_wconf 88' lang='lat' dir='ltr'>estquod</span> <span class='ocrx_word' id='word_1_160' title='bbox 1077 2627 1276 2712; x_wconf 77' lang='lat' dir='ltr'>professione</span> 
     </span>
     <span class='ocr_line' id='line_1_22' title="bbox 287 2732 1274 2818; baseline 0.003 -24"><span class='ocrx_word' id='word_1_161' title='bbox 287 2733 422 2796; x_wconf 82' lang='lat' dir='ltr'>veritatis</span> <span class='ocrx_word' id='word_1_162' title='bbox 438 2748 469 2798; x_wconf 90' lang='lat' dir='ltr'>et</span> <span class='ocrx_word' id='word_1_163' title='bbox 485 2754 552 2797; x_wconf 92' lang='lat' dir='ltr'>non</span> <span class='ocrx_word' id='word_1_164' title='bbox 568 2734 720 2798; x_wconf 88' lang='lat' dir='ltr'>mendacii</span> <span class='ocrx_word' id='word_1_165' title='bbox 736 2734 857 2798; x_wconf 84' lang='lat' dir='ltr'>veritati</span> <span class='ocrx_word' id='word_1_166' title='bbox 877 2732 1020 2818; x_wconf 90' lang='lat' dir='ltr'>oppositi</span> <span class='ocrx_word' id='word_1_167' title='bbox 1042 2733 1274 2814; x_wconf 77' lang='lat' dir='ltr'>defenderetur,</span> 
     </span>
     <span class='ocr_line' id='line_1_23' title="bbox 286 2836 1275 2920; baseline 0.006 -22"><span class='ocrx_word' id='word_1_168' title='bbox 286 2837 409 2902; x_wconf 88' lang='lat' dir='ltr'>dicente</span> <span class='ocrx_word' id='word_1_169' title='bbox 425 2839 535 2902; x_wconf 87' lang='lat' dir='ltr'>eadem</span> <span class='ocrx_word' id='word_1_170' title='bbox 555 2839 681 2903; x_wconf 86' lang='lat' dir='ltr'>veritate</span> <span class='ocrx_word' id='word_1_171' title='bbox 702 2839 773 2903; x_wconf 81' lang='lat' dir='ltr'>ioh.</span> <span class='ocrx_word' id='word_1_172' title='bbox 789 2839 886 2920; x_wconf 85' lang='lat' dir='ltr'>Vlll⁰,</span> <span class='ocrx_word' id='word_1_173' title='bbox 911 2838 963 2919; x_wconf 80' lang='lat'>31,</span> <span class='ocrx_word' id='word_1_174' title='bbox 981 2836 1037 2904; x_wconf 81' lang='lat'>32:</span> <span class='ocrx_word' id='word_1_175' title='bbox 1059 2837 1094 2901; x_wconf 89' lang='lat' dir='ltr'>Si</span> <span class='ocrx_word' id='word_1_176' title='bbox 1107 2856 1164 2902; x_wconf 81' lang='lat' dir='ltr'>vos</span> <span class='ocrx_word' id='word_1_177' title='bbox 1180 2859 1275 2904; x_wconf 84' lang='lat' dir='ltr'>mort·</span> 
     </span>
     <span class='ocr_line' id='line_1_24' title="bbox 286 2942 1274 3027; baseline 0.005 -24"><span class='ocrx_word' id='word_1_178' title='bbox 286 2942 394 3005; x_wconf 85' lang='lat' dir='ltr'>seritis</span> <span class='ocrx_word' id='word_1_179' title='bbox 426 2943 458 3004; x_wconf 88' lang='lat' dir='ltr'>in</span> <span class='ocrx_word' id='word_1_180' title='bbox 482 2962 633 3006; x_wconf 83' lang='lat' dir='ltr'>sermone</span> <span class='ocrx_word' id='word_1_181' title='bbox 656 2964 738 3024; x_wconf 86' lang='lat' dir='ltr'>meo,</span> <span class='ocrx_word' id='word_1_182' title='bbox 763 2963 836 3008; x_wconf 80' lang='lat' dir='ltr'>vere</span> <span class='ocrx_word' id='word_1_183' title='bbox 859 2943 1010 3027; x_wconf 85' lang='lat' dir='ltr'>discipuli</span> <span class='ocrx_word' id='word_1_184' title='bbox 1032 2945 1097 3009; x_wconf 88' lang='lat' dir='ltr'>mei</span> <span class='ocrx_word' id='word_1_185' title='bbox 1117 2943 1220 3022; x_wconf 81' lang='lat' dir='ltr'>eritis,</span> <span class='ocrx_word' id='word_1_186' title='bbox 1243 2953 1274 3008; x_wconf 88' lang='lat' dir='ltr'>et</span> 
     </span>
     <span class='ocr_line' id='line_1_25' title="bbox 286 3048 1273 3130; baseline 0.006 -23"><span class='ocrx_word' id='word_1_187' title='bbox 286 3065 341 3108; x_wconf 81' lang='lat' dir='ltr'>vos</span> <span class='ocrx_word' id='word_1_188' title='bbox 372 3048 572 3130; x_wconf 78' lang='lat' dir='ltr'>cognoscetis</span> <span class='ocrx_word' id='word_1_189' title='bbox 602 3049 781 3128; x_wconf 74' lang='lat' dir='ltr'>veritatem,</span> <span class='ocrx_word' id='word_1_190' title='bbox 812 3057 843 3112; x_wconf 89' lang='lat' dir='ltr'>et</span> <span class='ocrx_word' id='word_1_191' title='bbox 873 3049 998 3112; x_wconf 74' lang='lat' dir='ltr'>veritas</span> <span class='ocrx_word' id='word_1_192' title='bbox 1029 3048 1183 3113; x_wconf 77' lang='lat' dir='ltr'>liberabit</span> <span class='ocrx_word' id='word_1_193' title='bbox 1205 3067 1273 3113; x_wconf 76' lang='lat' dir='ltr'>uos.</span> 
     </span>
     <span class='ocr_line' id='line_1_26' title="bbox 246 3150 1273 3239; baseline 0.007 -30"><span class='ocrx_word' id='word_1_194' title='bbox 246 3151 333 3212; x_wconf 82' lang='lat' dir='ltr'><strong>25Ex</strong></span> <span class='ocrx_word' id='word_1_195' title='bbox 356 3150 471 3234; x_wconf 91' lang='lat' dir='ltr'>quibus</span> <span class='ocrx_word' id='word_1_196' title='bbox 494 3165 581 3236; x_wconf 89' lang='lat' dir='ltr'>putet</span> <span class='ocrx_word' id='word_1_197' title='bbox 602 3171 676 3214; x_wconf 82' lang='lat' dir='ltr'>curn</span> <span class='ocrx_word' id='word_1_198' title='bbox 698 3150 760 3215; x_wconf 90' lang='lat' dir='ltr'>fide</span> <span class='ocrx_word' id='word_1_199' title='bbox 782 3150 936 3236; x_wconf 86' lang='lat' dir='ltr'>scripture</span> <span class='ocrx_word' id='word_1_200' title='bbox 957 3152 1060 3236; x_wconf 86' lang='lat' dir='ltr'>quod,</span> <span class='ocrx_word' id='word_1_201' title='bbox 1088 3154 1127 3216; x_wconf 93' lang='lat' dir='ltr'>de</span> <span class='ocrx_word' id='word_1_202' title='bbox 1149 3166 1273 3239; x_wconf 90' lang='lat' dir='ltr'>quanto</span> 
     </span>
     <span class='ocr_line' id='line_1_27' title="bbox 286 3257 1273 3343; baseline 0.008 -26"><span class='ocrx_word' id='word_1_203' title='bbox 286 3270 394 3319; x_wconf 87' lang='lat' dir='ltr'>orator</span> <span class='ocrx_word' id='word_1_204' title='bbox 414 3257 543 3320; x_wconf 89' lang='lat' dir='ltr'>ecclesie</span> <span class='ocrx_word' id='word_1_205' title='bbox 568 3257 703 3321; x_wconf 89' lang='lat' dir='ltr'>declinat</span> <span class='ocrx_word' id='word_1_206' title='bbox 724 3279 743 3321; x_wconf 98' lang='lat' dir='ltr'>a</span> <span class='ocrx_word' id='word_1_207' title='bbox 766 3278 913 3321; x_wconf 90' lang='lat' dir='ltr'>sermone</span> <span class='ocrx_word' id='word_1_208' title='bbox 928 3258 987 3322; x_wconf 89' lang='lat' dir='ltr'>Dei</span> <span class='ocrx_word' id='word_1_209' title='bbox 1010 3259 1065 3343; x_wconf 88' lang='lat' dir='ltr'>qui</span> <span class='ocrx_word' id='word_1_210' title='bbox 1089 3274 1137 3325; x_wconf 90' lang='lat' dir='ltr'>est</span> <span class='ocrx_word' id='word_1_211' title='bbox 1159 3259 1273 3325; x_wconf 82' lang='lat' dir='ltr'>veritas</span> 
     </span>
     <span class='ocr_line' id='line_1_28' title="bbox 287 3361 1273 3447; baseline 0.006 -25"><span class='ocrx_word' id='word_1_212' title='bbox 287 3361 318 3424; x_wconf 91' lang='lat' dir='ltr'>in</span> <span class='ocrx_word' id='word_1_213' title='bbox 350 3362 443 3424; x_wconf 85' lang='lat' dir='ltr'>verba</span> <span class='ocrx_word' id='word_1_214' title='bbox 471 3362 625 3426; x_wconf 89' lang='lat' dir='ltr'>mendacii</span> <span class='ocrx_word' id='word_1_215' title='bbox 649 3382 711 3447; x_wconf 92' lang='lat' dir='ltr'>que</span> <span class='ocrx_word' id='word_1_216' title='bbox 733 3379 807 3427; x_wconf 93' lang='lat' dir='ltr'>sunt</span> <span class='ocrx_word' id='word_1_217' title='bbox 832 3381 996 3428; x_wconf 86' lang='lat' dir='ltr'>sermones</span> <span class='ocrx_word' id='word_1_218' title='bbox 1018 3364 1146 3446; x_wconf 75' lang='lat' dir='ltr'>diaboti,</span> <span class='ocrx_word' id='word_1_219' title='bbox 1170 3377 1206 3428; x_wconf 90' lang='lat' dir='ltr'>ut</span> <span class='ocrx_word' id='word_1_220' title='bbox 1228 3363 1273 3428; x_wconf 91' lang='lat' dir='ltr'>sic</span> 
     </span>
     <span class='ocr_line' id='line_1_29' title="bbox 286 3465 1274 3551; baseline 0.006 -24"><span class='ocrx_word' id='word_1_221' title='bbox 286 3486 319 3528; x_wconf 92' lang='lat' dir='ltr'>se</span> <span class='ocrx_word' id='word_1_222' title='bbox 342 3466 447 3549; x_wconf 90' lang='lat' dir='ltr'>ipsum</span> <span class='ocrx_word' id='word_1_223' title='bbox 471 3465 646 3530; x_wconf 84' lang='lat' dir='ltr'>inhabilitet</span> <span class='ocrx_word' id='word_1_224' title='bbox 668 3466 707 3528; x_wconf 91' lang='lat' dir='ltr'>ad</span> <span class='ocrx_word' id='word_1_225' title='bbox 729 3466 889 3551; x_wconf 79' lang='lat' dir='ltr'>privilegia</span> <span class='ocrx_word' id='word_1_226' title='bbox 913 3480 945 3531; x_wconf 95' lang='lat' dir='ltr'>et</span> <span class='ocrx_word' id='word_1_227' title='bbox 966 3467 1124 3533; x_wconf 77' lang='lat' dir='ltr'>libertates</span> <span class='ocrx_word' id='word_1_228' title='bbox 1142 3467 1274 3533; x_wconf 88' lang='lat' dir='ltr'>ecclesie</span> 
     </span>
     <span class='ocr_line' id='line_1_30' title="bbox 287 3569 1273 3657; baseline 0.005 -26"><span class='ocrx_word' id='word_1_229' title='bbox 287 3569 540 3653; x_wconf 87' lang='lat' dir='ltr'>procurandum;</span> <span class='ocrx_word' id='word_1_230' title='bbox 564 3589 637 3633; x_wconf 89' lang='lat' dir='ltr'>nam</span> <span class='ocrx_word' id='word_1_231' title='bbox 661 3571 747 3635; x_wconf 91' lang='lat' dir='ltr'>nulla</span> <span class='ocrx_word' id='word_1_232' title='bbox 769 3571 842 3635; x_wconf 88' lang='lat' dir='ltr'>tulia</span> <span class='ocrx_word' id='word_1_233' title='bbox 863 3572 980 3635; x_wconf 93' lang='lat' dir='ltr'>dantur</span> <span class='ocrx_word' id='word_1_234' title='bbox 1007 3571 1068 3635; x_wconf 92' lang='lat' dir='ltr'>nisi</span> <span class='ocrx_word' id='word_1_235' title='bbox 1090 3594 1147 3657; x_wconf 92' lang='lat' dir='ltr'>per</span> <span class='ocrx_word' id='word_1_236' title='bbox 1172 3592 1273 3657; x_wconf 88' lang='lat' dir='ltr'>spon·</span> 
     </span>
     <span class='ocr_line' id='line_1_31' title="bbox 244 3671 1272 3760; baseline 0.007 -25"><span class='ocrx_word' id='word_1_237' title='bbox 244 3677 360 3735; x_wconf 82' lang='lat' dir='ltr'>30sum</span> <span class='ocrx_word' id='word_1_238' title='bbox 391 3671 529 3752; x_wconf 83' lang='lat' dir='ltr'>ecclesie,</span> <span class='ocrx_word' id='word_1_239' title='bbox 561 3674 720 3760; x_wconf 71' lang='lat' dir='ltr'>ueritatem</span> <span class='ocrx_word' id='word_1_240' title='bbox 751 3696 815 3760; x_wconf 91' lang='lat' dir='ltr'>que</span> <span class='ocrx_word' id='word_1_241' title='bbox 844 3676 915 3740; x_wconf 91' lang='lat' dir='ltr'>odit</span> <span class='ocrx_word' id='word_1_242' title='bbox 936 3696 1034 3741; x_wconf 90' lang='lat' dir='ltr'>omne</span> <span class='ocrx_word' id='word_1_243' title='bbox 1057 3677 1272 3742; x_wconf 89' lang='lat' dir='ltr'>mendacium.</span> 
     </span>
     <span class='ocr_line' id='line_1_32' title="bbox 287 3775 1270 3866; baseline 0.008 -28"><span class='ocrx_word' id='word_1_244' title='bbox 287 3777 361 3840; x_wconf 91' lang='lat' dir='ltr'>ldeo</span> <span class='ocrx_word' id='word_1_245' title='bbox 389 3775 463 3839; x_wconf 92' lang='lat' dir='ltr'>dicit</span> <span class='ocrx_word' id='word_1_246' title='bbox 484 3776 555 3839; x_wconf 82' lang='lat' dir='ltr'>ioh.</span> <span class='ocrx_word' id='word_1_247' title='bbox 578 3779 674 3859; x_wconf 84' lang='lat' dir='ltr'>Vlll⁰,</span> <span class='ocrx_word' id='word_1_248' title='bbox 699 3782 753 3862; x_wconf 83' lang='lat'>34:</span> <span class='ocrx_word' id='word_1_249' title='bbox 780 3778 895 3844; x_wconf 84' lang='lat' dir='ltr'>Omnis</span> <span class='ocrx_word' id='word_1_250' title='bbox 923 3781 980 3864; x_wconf 87' lang='lat' dir='ltr'>qui</span> <span class='ocrx_word' id='word_1_251' title='bbox 991 3781 1081 3866; x_wconf 84' lang='lat' dir='ltr'>saeit</span> <span class='ocrx_word' id='word_1_252' title='bbox 1098 3792 1270 3866; x_wconf 82' lang='lat' dir='ltr'>peccatum</span> 
     </span>
     <span class='ocr_line' id='line_1_33' title="bbox 284 3884 1273 3970; baseline 0.007 -28"><span class='ocrx_word' id='word_1_253' title='bbox 284 3900 399 3944; x_wconf 83' lang='lat' dir='ltr'>servus</span> <span class='ocrx_word' id='word_1_254' title='bbox 431 3891 479 3944; x_wconf 90' lang='lat' dir='ltr'>est</span> <span class='ocrx_word' id='word_1_255' title='bbox 504 3884 644 3965; x_wconf 82' lang='lat' dir='ltr'>peccati.</span> <span class='ocrx_word' id='word_1_256' title='bbox 676 3884 741 3947; x_wconf 90' lang='lat' dir='ltr'>Nec</span> <span class='ocrx_word' id='word_1_257' title='bbox 765 3884 899 3948; x_wconf 88' lang='lat' dir='ltr'>dubium</span> <span class='ocrx_word' id='word_1_258' title='bbox 921 3886 1000 3970; x_wconf 88' lang='lat' dir='ltr'>quin</span> <span class='ocrx_word' id='word_1_259' title='bbox 1023 3885 1128 3950; x_wconf 90' lang='lat' dir='ltr'>omnis</span> <span class='ocrx_word' id='word_1_260' title='bbox 1155 3885 1273 3951; x_wconf 81' lang='lat' dir='ltr'>faciens</span> 
     </span>
     <span class='ocr_line' id='line_1_34' title="bbox 285 3984 1271 4076; baseline 0.006 -28"><span class='ocrx_word' id='word_1_261' title='bbox 285 3984 487 4049; x_wconf 85' lang='lat' dir='ltr'>mendacium</span> <span class='ocrx_word' id='word_1_262' title='bbox 510 4001 545 4051; x_wconf 94' lang='lat' dir='ltr'>ut</span> <span class='ocrx_word' id='word_1_263' title='bbox 568 3987 611 4051; x_wconf 90' lang='lat' dir='ltr'>sic</span> <span class='ocrx_word' id='word_1_264' title='bbox 637 4002 756 4072; x_wconf 80' lang='lat' dir='ltr'>peccet,</span> <span class='ocrx_word' id='word_1_265' title='bbox 779 3988 851 4051; x_wconf 91' lang='lat' dir='ltr'>ideo</span> <span class='ocrx_word' id='word_1_266' title='bbox 874 3989 1079 4054; x_wconf 88' lang='lat' dir='ltr'>mendacium</span> <span class='ocrx_word' id='word_1_267' title='bbox 1100 4005 1149 4056; x_wconf 89' lang='lat' dir='ltr'>est</span> <span class='ocrx_word' id='word_1_268' title='bbox 1170 3989 1271 4076; x_wconf 89' lang='lat' dir='ltr'>pessi·</span> 
     </span>
     <span class='ocr_line' id='line_1_35' title="bbox 284 4091 1271 4177; baseline 0.006 -25"><span class='ocrx_word' id='word_1_269' title='bbox 284 4110 375 4153; x_wconf 87' lang='lat' dir='ltr'>mum</span> <span class='ocrx_word' id='word_1_270' title='bbox 398 4091 541 4154; x_wconf 89' lang='lat' dir='ltr'>medium</span> <span class='ocrx_word' id='word_1_271' title='bbox 565 4093 604 4154; x_wconf 91' lang='lat' dir='ltr'>ad</span> <span class='ocrx_word' id='word_1_272' title='bbox 628 4094 863 4177; x_wconf 89' lang='lat' dir='ltr'>procurandum</span> <span class='ocrx_word' id='word_1_273' title='bbox 892 4095 978 4157; x_wconf 92' lang='lat' dir='ltr'>bona</span> <span class='ocrx_word' id='word_1_274' title='bbox 1001 4094 1141 4159; x_wconf 90' lang='lat' dir='ltr'>ecclesie.</span> <span class='ocrx_word' id='word_1_275' title='bbox 1187 4096 1271 4160; x_wconf 89' lang='lat' dir='ltr'>Nam</span> 
     </span>
    </p>
   </div>
   <div class='ocr_carea' id='block_1_5' title="bbox 242 4193 1271 4285">
    <p class='ocr_par' dir='ltr' id='par_1_5' title="bbox 242 4193 1271 4285">
     <span class='ocr_line' id='line_1_36' title="bbox 242 4193 1271 4285; baseline 0.008 -31"><span class='ocrx_word' id='word_1_276' title='bbox 242 4193 434 4258; x_wconf 75' lang='lat' dir='ltr'>iimentitor</span> <span class='ocrx_word' id='word_1_277' title='bbox 465 4211 501 4260; x_wconf 93' lang='lat' dir='ltr'>ut</span> <span class='ocrx_word' id='word_1_278' title='bbox 533 4195 578 4260; x_wconf 89' lang='lat' dir='ltr'>sic</span> <span class='ocrx_word' id='word_1_279' title='bbox 609 4196 740 4262; x_wconf 82' lang='lat' dir='ltr'>offendit</span> <span class='ocrx_word' id='word_1_280' title='bbox 771 4199 803 4262; x_wconf 89' lang='lat' dir='ltr'>in</span> <span class='ocrx_word' id='word_1_281' title='bbox 832 4212 978 4262; x_wconf 86' lang='lat' dir='ltr'>naturam</span> <span class='ocrx_word' id='word_1_282' title='bbox 1001 4198 1142 4264; x_wconf 87' lang='lat' dir='ltr'>divinam</span> <span class='ocrx_word' id='word_1_283' title='bbox 1166 4222 1185 4264; x_wconf 98' lang='lat' dir='ltr'>a</span> <span class='ocrx_word' id='word_1_284' title='bbox 1207 4220 1271 4285; x_wconf 93' lang='lat' dir='ltr'>qua</span> 
     </span>
    </p>
   </div>
   <div class='ocr_carea' id='block_1_6' title="bbox 284 4346 1267 4467">
    <p class='ocr_par' dir='ltr' id='par_1_6' title="bbox 284 4346 1267 4467">
     <span class='ocr_line' id='line_1_37' title="bbox 321 4346 1267 4410; baseline 0.004 -19"><span class='ocrx_word' id='word_1_285' title='bbox 321 4359 345 4397; x_wconf 77' lang='lat' dir='ltr'>a.</span> <span class='ocrx_word' id='word_1_286' title='bbox 359 4346 383 4391; x_wconf 80' lang='grc' dir='ltr'><strong>Α</strong></span> <span class='ocrx_word' id='word_1_287' title='bbox 392 4346 415 4391; x_wconf 89' lang='lat' dir='ltr'>ln</span> <span class='ocrx_word' id='word_1_288' title='bbox 427 4360 515 4406; x_wconf 61' lang='lat' dir='ltr'>merga</span> <span class='ocrx_word' id='word_1_289' title='bbox 534 4347 670 4394; x_wconf 80' lang='lat' dir='ltr'>Conclusio.</span> <span class='ocrx_word' id='word_1_290' title='bbox 750 4361 818 4397; x_wconf 66' lang='grc'><strong>1111.</strong></span> <span class='ocrx_word' id='word_1_291' title='bbox 831 4351 862 4407; x_wconf 76' lang='lat' dir='ltr'>A.</span> <span class='ocrx_word' id='word_1_292' title='bbox 872 4349 940 4395; x_wconf 73' lang='lat' dir='ltr'>eddi</span> <span class='ocrx_word' id='word_1_293' title='bbox 960 4349 1024 4407; x_wconf 85' lang='lat' dir='ltr'>qnod</span> <span class='ocrx_word' id='word_1_294' title='bbox 1035 4359 1133 4410; x_wconf 83' lang='lat' dir='ltr'>propter</span> <span class='ocrx_word' id='word_1_295' title='bbox 1142 4351 1267 4409; x_wconf 73' lang='lat' dir='ltr'>privatum.</span> 
     </span>
     <span class='ocr_line' id='line_1_38' title="bbox 284 4416 1172 4467; baseline 0.017 -6"><span class='ocrx_word' id='word_1_296' title='bbox 284 4416 315 4461; x_wconf 83' lang='grc'><strong>16.</strong></span> <span class='ocrx_word' id='word_1_297' title='bbox 330 4418 365 4462; x_wconf 72' lang='lat' dir='ltr'>As</span> <span class='ocrx_word' id='word_1_298' title='bbox 378 4418 426 4465; x_wconf 87' lang='lat' dir='ltr'>slat</span> <span class='ocrx_word' id='word_1_299' title='bbox 440 4420 464 4467; x_wconf 87' lang='lat' dir='ltr'>lu</span> <span class='ocrx_word' id='word_1_300' title='bbox 477 4425 544 4465; x_wconf 78' lang='lat' dir='ltr'>ctas.</span> <span class='ocrx_word' id='word_1_301' title='bbox 1168 4454 1172 4461; x_wconf 93' lang='lat'><em>·</em></span> 
     </span>
    </p>
   </div>
   <div class='ocr_carea' id='block_1_7' title="bbox 0 0 1636 5226">
    <p class='ocr_par' dir='ltr' id='par_1_7' title="bbox 0 0 1636 5226">
     <span class='ocr_line' id='line_1_39' title="bbox 0 0 1636 5226; baseline 0 2"><span class='ocrx_word' id='word_1_302' title='bbox 0 0 1636 5226; x_wconf 95' lang='lat' dir='ltr'> </span> 
     </span>
    </p>
   </div>
  </div>
 </body>
</html>
