3262 5226
157 590 230 675 390
290 638 293 645 .
343 536 350 547 ¹
703 600 877 656 museus
891 598 1043 657 wsmrr.
1198 576 1368 673 [cot-M

203 776 229 824 ta
344 770 429 823 nest
458 756 610 841 stafiva,
641 770 766 845 qoamo
794 756 898 843 magis
926 756 1103 843 paoiarcbe
1128 756 1281 822 dicuutur
1308 768 1484 838 proruet}

266 862 275 878 '
362 838 441 929 'suo
470 876 616 947 oempote
644 858 817 945 ebn’etlsm,
837 852 915 927 cum
934 858 1082 929 Christus
1102 882 1158 928 eos
1179 859 1367 926 denominat

380 958 775 1033 membrasualeristus
792 964 880 1031 euim
900 978 1010 1033 maoet
1029 964 1065 1032 io
1086 981 1233 1033 eternum
1253 985 1369 1030 secuu-

379 1070 461 1135 dum
495 1084 645 1137 usturam
677 1068 824 1135 divinam
858 1084 891 1135 et
924 1082 1051 1137 erectus
1088 1084 1183 1139 esta
1210 1068 1369 1157 principio

379 1172 495 1239 muudi
517 1174 640 1241 nedum
658 1172 693 1239 io
715 1173 821 1239 causis
840 1172 989 1239 mundis
1008 1174 1248 1261 communibus,
1264 1174 1319 1239 aed
1333 1173 1395 1242 ius

381 1276 535 1343 materisb
570 1276 712 1345 esseuda
745 1276 913 1363 siuguhrl3
949 1298 1018 1344 oon
1054 1293 1163 1345 temen
1197 1276 1372 1362 assumpsit

382 1381 472 1447 illam
499 1381 687 1469 „ostsdcq
729 1394 903 1469 autequam
940 1402 1106 1449 assumus
1136 1383 1280 1449 auimsm
1310 1382 1371 1448 luit

328 1516 356 1553 n
381 1486 495 1553 bomo.
524 1486 562 1551 lu
591 1500 667 1553 actu
695 1499 806 1552 autem
837 1486 1018 1552 secundum
1037 1507 1159 1553 oomeo
1185 1498 1400 1572 expressurus

326 1558 503 1657 “lmese
524 1590 710 1657 omum
728 1604 876 1677 empore
895 1590 1000 1677 grase
1020 1592 1135 1678 popuu
1156 1590 1318 1657 cussum
1339 1606 1372 1658 er

306 1675 317 1720 ⁸
383 1694 481 1760 talem
501 1694 644 1761 uomiuis
667 1692 972 1773 denomioseiooem
992 1694 1144 1761 invocant
1166 1709 1271 1781 patres
1292 1695 1370 1781 legis
1383 1724 1415 1762 ιο
1471 1696 1475 1715 “

382 1798 498 1865 vetetis
518 1819 614 1886 super
632 1798 722 1883 illos3
740 1800 832 1886 quod
845 1812 878 1865 et
890 1798 1082 1883 bsbueruot,
1095 1812 1269 1886 autequam
1284 1801 1370 1866 ducti

335 1919 362 1953 ⁸·
383 1918 460 1970 suut
488 1924 566 1969 cum
595 1903 725 1971 Claristo
746 1905 788 1969 sd
808 1904 925 1971 celum.
946 1904 1012 1971 Sed
1032 1917 1108 1990 poet
1128 1904 1215 1969 diem
1228 1902 1249 1945 ⁸
1263 1902 1486 1985 iudicii18'4‘8

383 2007 546 2074 hsbebuut
588 2007 698 2074 omnia
741 2010 888 2075 membra
930 2022 1038 2074 sancte
1083 2007 1212 2074 ecclesie
1251 2029 1372 2074 nomeu

383 2237 451 2283 uon
480 2217 681 2285 obstsotibus
711 2217 779 2285 istis
810 2216 1006 2285 declarativis
1027 2218 1196 2285 sentenciis
1229 2231 1414 2285 remanens

167 2460 191 2495 ι.
205 2448 251 2495 w·
264 2446 315 2495 sut
326 2446 376 2495 raas
384 2324 1021 2513 Pssssfflffmwffim
1042 2427 1259 2494 raciuuculam
1281 2443 1375 2514 neget

167 2501 666 2618 dll'fficonsequencrm
686 2533 743 2597 ser
764 2524 948 2615 samso
970 2532 1058 2598 suu·
1088 2533 1129 2598 st
1158 2533 1289 2599 ecerat·
1314 2533 1374 2598 nur

168 2604 377 2717 cmm*
386 2634 561 2701 multitudo
583 2633 838 2718 christianorum,
860 2634 1072 2702 sedCbristus
1095 2658 1161 2702 ooo
1184 2651 1232 2703 est
1252 2637 1374 2704 christi·

221 2707 326 2757 m
385 2760 477 2824 anus,
497 2755 576 2807 tuuc
597 2739 744 2807 Christus
765 2760 833 2805 noo
855 2754 991 2826 estpars
1012 2741 1063 2807 acl
1077 2742 1260 2807 membrum
1275 2743 1419 2807 eccle-so

386 2844 443 2910 sie.
466 2842 624 2910 Concedit
653 2844 761 2931 itsque
791 2845 881 2931 quod
903 2842 1051 2911 Christus
1071 2845 1159 2911 Deus
1191 2861 1300 2912 noster
1328 2861 1376 2911 est

388 2948 585 3031 christianus,
607 2969 665 3014 uec
687 2948 841 3044 sequitur,
861 2947 977 3033 iuquit,
1012 2949 1037 3014 si
1060 2971 1080 3014 ι
1101 2949 1231 3015 Christo
1263 2952 1378 3017 dicitur

389 3052 521 3137 quilibet
536 3053 736 3129 christianus,
758 3054 847 3138 quod
862 3053 1011 3118 Christus
1033 3054 1086 3120 ille
1102 3076 1168 3119 nou
1191 3056 1231 3121 sit
1253 3055 1376 3119 christi·

390 3173 484 3223 snus:
501 3157 545 3223 sic
568 3180 586 3222 a
607 3172 748 3223 creatore
762 3158 877 3223 dicitur
898 3157 1038 3243 quelibet
1060 3173 1212 3242 creatura,
1230 3159 1377 3224 Christus

391 3277 439 3327 est
461 3277 583 3327 creator
604 3276 635 3328 et
656 3263 701 3327 sic
722 3263 763 3326 ab
790 3283 830 3327 eo
862 3261 976 3326 dicitur
1007 3263 1147 3349 quelibet
1177 3279 1318 3329 creatura
1348 3275 1421 3330 etas

391 3379 498 3431 tumeo
519 3367 655 3452 ipsemet
677 3381 725 3431 est
739 3382 890 3449 creatura,
913 3380 948 3432 ut
971 3387 1032 3452 ego
1053 3387 1171 3434 assero.

100 3472 104 3477 ’
205 3489 310 3537 uerus·
324 3498 349 3537 ιο
435 3471 496 3536 llic
517 3471 623 3556 primo
645 3472 824 3536 notandum
847 3472 946 3557 quod,
962 3471 988 3534 si
1003 3471 1094 3535 locus
1116 3472 1243 3536 ssimili
1262 3470 1403 3559 (quau-t

99 3538 102 3543 ’
175 3541 382 3602 prossuuctrist

189 3595 373 3655 occursores,
390 3588 588 3660 tumcunque
619 3573 712 3639 luerit
749 3574 925 3640 similitudo
965 3572 1173 3661 insufficiens)
1208 3576 1311 3641 valeat
1339 3578 1380 3640 ad

357 3678 360 3682 ’
390 3679 593 3763 probandum
615 3680 788 3762 intentum,
811 3679 927 3765 periret
954 3678 1060 3743 omnis
1083 3680 1316 3765 consequeucia
1347 3694 1378 3745 et

392 3782 473 3847 loret
494 3804 591 3848 omne
613 3783 766 3868 signabilc
788 3783 1039 3862 concedendurn,
1070 3804 1111 3848 eo
1141 3784 1231 3869 quod
1263 3800 1421 3854 omnes30

391 3902 530 3952 creature
570 3900 644 3952 suut
682 3886 852 3953 similiores
882 3889 921 3952 sd
955 3886 1102 3970 invicem,
1137 3907 1237 3973 quam
1268 3902 1379 3952 ustura

392 3990 498 4056 divina
534 4005 582 4057 est
618 3991 728 4056 similis
765 4005 877 4056 nature
911 4005 1024 4058 create.
1054 3993 1131 4058 ldeo
1169 4011 1296 4058 necesse
1334 4006 1381 4058 est

431 4191 456 4233 φ
476 4178 494 4225 Β
509 4178 533 4224 la
547 4190 637 4235 marus
656 4177 767 4226 cbristus
785 4177 831 4226 lslt
848 4185 940 4225 cresto·
953 4191 968 4225 s
981 4178 1099 4239 priselplo
1116 4178 1207 4226 muudi.
1312 4191 1336 4237 9.
1349 4178 1381 4225 br

393 4247 706 4306 umbraculorum
720 4248 805 4297 Utrum
818 4256 897 4308 patres
905 4249 991 4298 vetetis
1008 4250 1141 4296 tutsmcotl
1154 4249 1248 4296 lustaus
1260 4247 1382 4296 cbristlsnl

393 4317 484 4373 (below
497 4316 551 4372 184·
566 4317 665 4365 without
678 4319 746 4366 mark
759 4318 788 4365 ol
798 4318 933 4376 reference).
1039 4331 1071 4376 ¹7·
1091 4321 1114 4366 Α
1127 4320 1152 4366 lo
1166 4330 1257 4377 merus
1272 4317 1381 4365 Secunda

394 4387 527 4445 monaste.
636 4387 668 4437 ³1.
681 4389 704 4434 Α
718 4388 742 4436 la
756 4400 846 4446 marus
860 4388 953 4436 cristus
966 4400 1015 4436 oss
1029 4397 1064 4436 est
1076 4389 1212 4437 ensdssus.

429 4502 632 4586 '17.corupars
650 4529 710 4586 pag.
731 4528 788 4582 rra,
805 4514 824 4568 l.
841 4513 884 4571 lo.
