<?xml version="1.0" encoding="UTF-8"?>
<!DOCTYPE html PUBLIC "-//W3C//DTD XHTML 1.0 Transitional//EN"
    "http://www.w3.org/TR/xhtml1/DTD/xhtml1-transitional.dtd">
<html xmlns="http://www.w3.org/1999/xhtml" xml:lang="en" lang="en">
 <head>
  <title>
</title>
<meta http-equiv="Content-Type" content="text/html;charset=utf-8" />
  <meta name='ocr-system' content='tesseract 3.04.00' />
  <meta name='ocr-capabilities' content='ocr_page ocr_carea ocr_par ocr_line ocrx_word'/>
</head>
<body>
  <div class='ocr_page' id='page_1' title='image "./iohanniswyclift00mattgoog_0611.png"; bbox 0 0 3262 5226; ppageno 0'>
   <div class='ocr_carea' id='block_1_1' title="bbox 499 655 1157 747">
    <p class='ocr_par' dir='ltr' id='par_1_1' title="bbox 499 655 1157 747">
     <span class='ocr_line' id='line_1_1' title="bbox 499 655 1157 747; baseline -0.018 -17"><span class='ocrx_word' id='word_1_1' title='bbox 499 676 668 731; x_wconf 75' lang='lat' dir='ltr'>tonsurus</span> <span class='ocrx_word' id='word_1_2' title='bbox 684 674 832 729; x_wconf 73' lang='lat' dir='ltr'>wreus.</span> <span class='ocrx_word' id='word_1_3' title='bbox 981 655 1157 747; x_wconf 70' lang='lat' dir='ltr'>[canunt.</span> 
     </span>
    </p>
   </div>
   <div class='ocr_carea' id='block_1_2' title="bbox 117 832 1260 4372">
    <p class='ocr_par' dir='ltr' id='par_1_2' title="bbox 117 832 1260 4372">
     <span class='ocr_line' id='line_1_2' title="bbox 117 832 1260 920; baseline 0.009 -28"><span class='ocrx_word' id='word_1_4' title='bbox 117 869 119 892; x_wconf 55' lang='lat'>2</span> <span class='ocrx_word' id='word_1_5' title='bbox 166 835 253 920; x_wconf 91' lang='lat' dir='ltr'>quod</span> <span class='ocrx_word' id='word_1_6' title='bbox 285 848 391 918; x_wconf 85' lang='lat' dir='ltr'>potest</span> <span class='ocrx_word' id='word_1_7' title='bbox 420 832 522 897; x_wconf 85' lang='lat' dir='ltr'>lacere</span> <span class='ocrx_word' id='word_1_8' title='bbox 551 834 655 897; x_wconf 87' lang='lat' dir='ltr'>maius</span> <span class='ocrx_word' id='word_1_9' title='bbox 683 847 714 896; x_wconf 91' lang='lat' dir='ltr'>et</span> <span class='ocrx_word' id='word_1_10' title='bbox 738 853 801 895; x_wconf 94' lang='lat' dir='ltr'>non</span> <span class='ocrx_word' id='word_1_11' title='bbox 832 833 948 915; x_wconf 91' lang='lat' dir='ltr'>minus,</span> <span class='ocrx_word' id='word_1_12' title='bbox 981 833 1148 915; x_wconf 90' lang='lat' dir='ltr'>quomodo</span> <span class='ocrx_word' id='word_1_13' title='bbox 1160 845 1260 902; x_wconf 61' lang='lat' dir='ltr'>sodo</span> 
     </span>
     <span class='ocr_line' id='line_1_3' title="bbox 122 915 1148 1022; baseline -0.001 -21"><span class='ocrx_word' id='word_1_14' title='bbox 122 915 150 1001; x_wconf 50' lang='grc' dir='ltr'>οἵ</span> <span class='ocrx_word' id='word_1_15' title='bbox 167 938 394 1003; x_wconf 81' lang='lat' dir='ltr'>concederetur</span> <span class='ocrx_word' id='word_1_16' title='bbox 410 937 471 1021; x_wconf 81' lang='lat' dir='ltr'>legi</span> <span class='ocrx_word' id='word_1_17' title='bbox 487 957 555 1016; x_wconf 85' lang='lat' dir='ltr'>sue,</span> <span class='ocrx_word' id='word_1_18' title='bbox 574 937 664 1021; x_wconf 92' lang='lat' dir='ltr'>quod</span> <span class='ocrx_word' id='word_1_19' title='bbox 680 950 766 1000; x_wconf 88' lang='lat' dir='ltr'>taxat</span> <span class='ocrx_word' id='word_1_20' title='bbox 782 936 822 999; x_wconf 87' lang='lat' dir='ltr'>ad</span> <span class='ocrx_word' id='word_1_21' title='bbox 837 950 949 1000; x_wconf 91' lang='lat' dir='ltr'>votum</span> <span class='ocrx_word' id='word_1_22' title='bbox 967 945 1033 1020; x_wconf 75' lang='lat' dir='ltr'>pro&#39;</span> <span class='ocrx_word' id='word_1_23' title='bbox 1048 959 1148 1022; x_wconf 92' lang='lat' dir='ltr'>quan·</span> 
     </span>
     <span class='ocr_line' id='line_1_4' title="bbox 117 1021 1148 1127; baseline -0.002 -19"><span class='ocrx_word' id='word_1_24' title='bbox 117 1021 364 1127; x_wconf 68' lang='lat' dir='ltr'>¹⁸⁸&#39;tumcunque</span> <span class='ocrx_word' id='word_1_25' title='bbox 407 1062 505 1126; x_wconf 87' lang='lat' dir='ltr'>parva</span> <span class='ocrx_word' id='word_1_26' title='bbox 547 1042 721 1105; x_wconf 80' lang='lat' dir='ltr'>elemosina</span> <span class='ocrx_word' id='word_1_27' title='bbox 762 1041 882 1104; x_wconf 81' lang='lat' dir='ltr'>remitti</span> <span class='ocrx_word' id='word_1_28' title='bbox 925 1061 1148 1127; x_wconf 87' lang='lat' dir='ltr'>quamcunque</span> 
     </span>
     <span class='ocr_line' id='line_1_5' title="bbox 165 1141 1150 1233; baseline -0.003 -22"><span class='ocrx_word' id='word_1_29' title='bbox 165 1163 290 1233; x_wconf 90' lang='lat' dir='ltr'>partem</span> <span class='ocrx_word' id='word_1_30' title='bbox 313 1147 487 1232; x_wconf 77' lang='lat' dir='ltr'>aliquotam</span> <span class='ocrx_word' id='word_1_31' title='bbox 510 1167 592 1230; x_wconf 89' lang='lat' dir='ltr'>pene</span> <span class='ocrx_word' id='word_1_32' title='bbox 618 1147 668 1210; x_wconf 89' lang='lat' dir='ltr'>vel</span> <span class='ocrx_word' id='word_1_33' title='bbox 692 1141 802 1229; x_wconf 82' lang='lat' dir='ltr'>culpe?</span> <span class='ocrx_word' id='word_1_34' title='bbox 823 1146 989 1231; x_wconf 88' lang='lat' dir='ltr'>Numquid</span> <span class='ocrx_word' id='word_1_35' title='bbox 1017 1167 1056 1211; x_wconf 91' lang='lat' dir='ltr'>eo</span> <span class='ocrx_word' id='word_1_36' title='bbox 1078 1148 1150 1231; x_wconf 88' lang='lat' dir='ltr'>ipso</span> 
     </span>
     <span class='ocr_line' id='line_1_6' title="bbox 166 1251 1174 1337; baseline -0.001 -21"><span class='ocrx_word' id='word_1_37' title='bbox 166 1272 232 1337; x_wconf 94' lang='lat' dir='ltr'>quo</span> <span class='ocrx_word' id='word_1_38' title='bbox 259 1253 327 1337; x_wconf 90' lang='lat' dir='ltr'>ipse</span> <span class='ocrx_word' id='word_1_39' title='bbox 349 1252 426 1316; x_wconf 89' lang='lat' dir='ltr'>dicit</span> <span class='ocrx_word' id='word_1_40' title='bbox 450 1251 579 1315; x_wconf 84' lang='lat' dir='ltr'>terciam</span> <span class='ocrx_word' id='word_1_41' title='bbox 605 1251 654 1314; x_wconf 85' lang='lat' dir='ltr'>vel</span> <span class='ocrx_word' id='word_1_42' title='bbox 676 1265 823 1336; x_wconf 84' lang='lat' dir='ltr'>quartam</span> <span class='ocrx_word' id='word_1_43' title='bbox 848 1265 904 1313; x_wconf 89' lang='lat' dir='ltr'>aut</span> <span class='ocrx_word' id='word_1_44' title='bbox 924 1252 1174 1335; x_wconf 83' lang='lat' dir='ltr'>quamcunque5</span> 
     </span>
     <span class='ocr_line' id='line_1_7' title="bbox 167 1355 1148 1440; baseline -0.002 -21"><span class='ocrx_word' id='word_1_45' title='bbox 167 1357 261 1420; x_wconf 85' lang='lat' dir='ltr'>aliam</span> <span class='ocrx_word' id='word_1_46' title='bbox 287 1368 413 1440; x_wconf 81' lang='lat' dir='ltr'>partem</span> <span class='ocrx_word' id='word_1_47' title='bbox 446 1356 627 1439; x_wconf 83' lang='lat' dir='ltr'>penitencie</span> <span class='ocrx_word' id='word_1_48' title='bbox 654 1355 811 1419; x_wconf 88' lang='lat' dir='ltr'>indultam</span> <span class='ocrx_word' id='word_1_49' title='bbox 843 1375 903 1439; x_wconf 91' lang='lat' dir='ltr'>pro</span> <span class='ocrx_word' id='word_1_50' title='bbox 932 1355 1063 1418; x_wconf 89' lang='lat' dir='ltr'>denario</span> <span class='ocrx_word' id='word_1_51' title='bbox 1099 1375 1148 1417; x_wconf 88' lang='lat' dir='ltr'>se·</span> 
     </span>
     <span class='ocr_line' id='line_1_8' title="bbox 168 1456 1260 1546; baseline 0 -23"><span class='ocrx_word' id='word_1_52' title='bbox 168 1461 279 1546; x_wconf 92' lang='lat' dir='ltr'>quitur</span> <span class='ocrx_word' id='word_1_53' title='bbox 300 1461 388 1546; x_wconf 90' lang='lat' dir='ltr'>quod</span> <span class='ocrx_word' id='word_1_54' title='bbox 412 1460 453 1523; x_wconf 88' lang='lat' dir='ltr'>sit</span> <span class='ocrx_word' id='word_1_55' title='bbox 475 1456 537 1525; x_wconf 89' lang='lat' dir='ltr'>ital</span> <span class='ocrx_word' id='word_1_56' title='bbox 560 1459 726 1543; x_wconf 90' lang='lat' dir='ltr'>Numquid</span> <span class='ocrx_word' id='word_1_57' title='bbox 753 1472 916 1543; x_wconf 85' lang='lat' dir='ltr'>oporteret</span> <span class='ocrx_word' id='word_1_58' title='bbox 936 1458 1022 1544; x_wconf 90' lang='lat' dir='ltr'>quod</span> <span class='ocrx_word' id='word_1_59' title='bbox 1042 1456 1149 1543; x_wconf 86' lang='lat' dir='ltr'>previe</span> <span class='ocrx_word' id='word_1_60' title='bbox 1259 1520 1260 1523; x_wconf 74' lang='grc'>,</span> 
     </span>
     <span class='ocr_line' id='line_1_9' title="bbox 168 1558 1148 1647; baseline -0.005 -18"><span class='ocrx_word' id='word_1_61' title='bbox 168 1565 270 1629; x_wconf 80' lang='lat' dir='ltr'>subsit</span> <span class='ocrx_word' id='word_1_62' title='bbox 302 1565 388 1627; x_wconf 92' lang='lat' dir='ltr'>racio</span> <span class='ocrx_word' id='word_1_63' title='bbox 422 1562 507 1647; x_wconf 88' lang='lat' dir='ltr'>apud</span> <span class='ocrx_word' id='word_1_64' title='bbox 531 1558 653 1627; x_wconf 84' lang='lat' dir='ltr'>Deum?</span> <span class='ocrx_word' id='word_1_65' title='bbox 693 1561 756 1626; x_wconf 90' lang='lat' dir='ltr'>Ubi</span> <span class='ocrx_word' id='word_1_66' title='bbox 790 1582 867 1645; x_wconf 86' lang='lat' dir='ltr'>ergo</span> <span class='ocrx_word' id='word_1_67' title='bbox 903 1577 951 1627; x_wconf 91' lang='lat' dir='ltr'>est</span> <span class='ocrx_word' id='word_1_68' title='bbox 985 1562 1148 1627; x_wconf 80' lang='lat' dir='ltr'>evidentia</span> 
     </span>
     <span class='ocr_line' id='line_1_10' title="bbox 168 1667 1150 1752; baseline -0.001 -20"><span class='ocrx_word' id='word_1_69' title='bbox 168 1669 456 1733; x_wconf 78' lang='lat' dir='ltr'>maioris&#39;racionis</span> <span class='ocrx_word' id='word_1_70' title='bbox 484 1669 624 1750; x_wconf 82' lang='lat' dir='ltr'>laxandi,</span> <span class='ocrx_word' id='word_1_71' title='bbox 649 1681 697 1731; x_wconf 80' lang='lat' dir='ltr'>est</span> <span class='ocrx_word' id='word_1_72' title='bbox 717 1667 879 1730; x_wconf 88' lang='lat' dir='ltr'>evidencia</span> <span class='ocrx_word' id='word_1_73' title='bbox 902 1668 1032 1732; x_wconf 87' lang='lat' dir='ltr'>maioris</span> <span class='ocrx_word' id='word_1_74' title='bbox 1058 1683 1150 1752; x_wconf 89' lang='lat' dir='ltr'>pote·</span> 
     </span>
     <span class='ocr_line' id='line_1_11' title="bbox 169 1759 1191 1857; baseline 0 -20"><span class='ocrx_word' id='word_1_75' title='bbox 169 1774 259 1856; x_wconf 80' lang='lat' dir='ltr'>statis</span> <span class='ocrx_word' id='word_1_76' title='bbox 282 1773 324 1835; x_wconf 90' lang='lat' dir='ltr'>ad</span> <span class='ocrx_word' id='word_1_77' title='bbox 348 1774 410 1836; x_wconf 90' lang='lat' dir='ltr'>hoe</span> <span class='ocrx_word' id='word_1_78' title='bbox 426 1759 456 1835; x_wconf 79' lang='lat' dir='ltr'>et</span> <span class='ocrx_word' id='word_1_79' title='bbox 473 1787 603 1837; x_wconf 90' lang='lat' dir='ltr'>econtra</span> <span class='ocrx_word' id='word_1_80' title='bbox 619 1773 658 1835; x_wconf 88' lang='lat' dir='ltr'>de</span> <span class='ocrx_word' id='word_1_81' title='bbox 674 1771 963 1854; x_wconf 73' lang='lat' dir='ltr'>irrationabilitate,</span> <span class='ocrx_word' id='word_1_82' title='bbox 980 1787 1016 1837; x_wconf 91' lang='lat' dir='ltr'>ut</span> <span class='ocrx_word' id='word_1_83' title='bbox 1031 1793 1146 1857; x_wconf 81' lang='lat' dir='ltr'>repug·</span> <span class='ocrx_word' id='word_1_84' title='bbox 1161 1801 1191 1837; x_wconf 89' lang='grc' dir='ltr'>ιο</span> 
     </span>
     <span class='ocr_line' id='line_1_12' title="bbox 168 1877 1147 1962; baseline -0.002 -21"><span class='ocrx_word' id='word_1_85' title='bbox 168 1893 222 1943; x_wconf 87' lang='lat' dir='ltr'>nat</span> <span class='ocrx_word' id='word_1_86' title='bbox 246 1878 348 1962; x_wconf 90' lang='lat' dir='ltr'>prime</span> <span class='ocrx_word' id='word_1_87' title='bbox 377 1877 508 1960; x_wconf 88' lang='lat' dir='ltr'>racioni‚</span> <span class='ocrx_word' id='word_1_88' title='bbox 532 1898 591 1962; x_wconf 88' lang='lat' dir='ltr'>pcr</span> <span class='ocrx_word' id='word_1_89' title='bbox 623 1897 720 1962; x_wconf 88' lang='lat' dir='ltr'>quam</span> <span class='ocrx_word' id='word_1_90' title='bbox 753 1890 882 1961; x_wconf 88' lang='lat' dir='ltr'>oportet</span> <span class='ocrx_word' id='word_1_91' title='bbox 909 1896 1020 1941; x_wconf 88' lang='lat' dir='ltr'>omnes</span> <span class='ocrx_word' id='word_1_92' title='bbox 1043 1877 1147 1940; x_wconf 90' lang='lat' dir='ltr'>indul·</span> 
     </span>
     <span class='ocr_line' id='line_1_13' title="bbox 168 1979 1147 2067; baseline -0.002 -21"><span class='ocrx_word' id='word_1_93' title='bbox 168 1983 294 2067; x_wconf 81' lang='lat' dir='ltr'>gencias</span> <span class='ocrx_word' id='word_1_94' title='bbox 327 1981 406 2064; x_wconf 83' lang='lat' dir='ltr'>fieri,</span> <span class='ocrx_word' id='word_1_95' title='bbox 440 1984 527 2067; x_wconf 91' lang='lat' dir='ltr'>quod</span> <span class='ocrx_word' id='word_1_96' title='bbox 557 1982 609 2045; x_wconf 90' lang='lat' dir='ltr'>bic</span> <span class='ocrx_word' id='word_1_97' title='bbox 636 1979 701 2046; x_wconf 89' lang='lat' dir='ltr'>sint</span> <span class='ocrx_word' id='word_1_98' title='bbox 722 1980 838 2045; x_wconf 89' lang='lat' dir='ltr'>infiniti</span> <span class='ocrx_word' id='word_1_99' title='bbox 861 1981 980 2064; x_wconf 86' lang='lat' dir='ltr'>puniti;</span> <span class='ocrx_word' id='word_1_100' title='bbox 1007 2002 1147 2066; x_wconf 90' lang='lat' dir='ltr'>quorum</span> 
     </span>
     <span class='ocr_line' id='line_1_14' title="bbox 167 2086 1148 2171; baseline -0.001 -21"><span class='ocrx_word' id='word_1_101' title='bbox 167 2088 293 2171; x_wconf 89' lang='lat' dir='ltr'>primus</span> <span class='ocrx_word' id='word_1_102' title='bbox 321 2101 369 2150; x_wconf 91' lang='lat' dir='ltr'>est</span> <span class='ocrx_word' id='word_1_103' title='bbox 394 2087 576 2170; x_wconf 86' lang='lat' dir='ltr'>aliqualiter</span> <span class='ocrx_word' id='word_1_104' title='bbox 604 2107 703 2170; x_wconf 84' lang='lat' dir='ltr'>capax</span> <span class='ocrx_word' id='word_1_105' title='bbox 725 2086 816 2150; x_wconf 85' lang='lat' dir='ltr'>venie</span> <span class='ocrx_word' id='word_1_106' title='bbox 838 2086 1015 2151; x_wconf 87' lang='lat' dir='ltr'>secundum</span> <span class='ocrx_word' id='word_1_107' title='bbox 1044 2087 1148 2171; x_wconf 82' lang='lat' dir='ltr'>digni·</span> 
     </span>
     <span class='ocr_line' id='line_1_15' title="bbox 169 2191 1148 2274; baseline -0.001 -18"><span class='ocrx_word' id='word_1_108' title='bbox 169 2207 267 2257; x_wconf 84' lang='lat' dir='ltr'>tatem</span> <span class='ocrx_word' id='word_1_109' title='bbox 310 2193 453 2256; x_wconf 85' lang='lat' dir='ltr'>habitam</span> <span class='ocrx_word' id='word_1_110' title='bbox 495 2211 514 2255; x_wconf 87' lang='lat' dir='ltr'>a</span> <span class='ocrx_word' id='word_1_111' title='bbox 547 2193 627 2271; x_wconf 86' lang='lat' dir='ltr'>Deo,</span> <span class='ocrx_word' id='word_1_112' title='bbox 670 2191 828 2255; x_wconf 82' lang='lat' dir='ltr'>secundus</span> <span class='ocrx_word' id='word_1_113' title='bbox 861 2211 938 2255; x_wconf 86' lang='lat' dir='ltr'>vero</span> <span class='ocrx_word' id='word_1_114' title='bbox 978 2191 1010 2253; x_wconf 90' lang='lat' dir='ltr'>in</span> <span class='ocrx_word' id='word_1_115' title='bbox 1048 2191 1148 2274; x_wconf 91' lang='lat' dir='ltr'>duplo</span> 
     </span>
     <span class='ocr_line' id='line_1_16' title="bbox 169 2295 1191 2383; baseline -0.002 -21"><span class='ocrx_word' id='word_1_116' title='bbox 169 2298 315 2383; x_wconf 87' lang='lat' dir='ltr'>capacior</span> <span class='ocrx_word' id='word_1_117' title='bbox 331 2313 363 2361; x_wconf 89' lang='lat' dir='ltr'>et</span> <span class='ocrx_word' id='word_1_118' title='bbox 378 2298 423 2361; x_wconf 84' lang='lat' dir='ltr'>sic</span> <span class='ocrx_word' id='word_1_119' title='bbox 438 2298 470 2360; x_wconf 88' lang='lat' dir='ltr'>in</span> <span class='ocrx_word' id='word_1_120' title='bbox 488 2295 662 2377; x_wconf 82' lang='lat' dir='ltr'>infinitum,</span> <span class='ocrx_word' id='word_1_121' title='bbox 686 2310 717 2359; x_wconf 90' lang='lat' dir='ltr'>et</span> <span class='ocrx_word' id='word_1_122' title='bbox 741 2311 847 2360; x_wconf 80' lang='lat' dir='ltr'>tamen</span> <span class='ocrx_word' id='word_1_123' title='bbox 865 2295 1149 2381; x_wconf 79' lang='lat' dir='ltr'>proportionaliter</span> <span class='ocrx_word' id='word_1_124' title='bbox 1161 2308 1191 2360; x_wconf 82' lang='lat'>15</span> 
     </span>
     <span class='ocr_line' id='line_1_17' title="bbox 170 2400 1148 2487; baseline -0.003 -21"><span class='ocrx_word' id='word_1_125' title='bbox 170 2417 206 2468; x_wconf 92' lang='lat' dir='ltr'>ut</span> <span class='ocrx_word' id='word_1_126' title='bbox 227 2400 265 2467; x_wconf 93' lang='lat' dir='ltr'>fit</span> <span class='ocrx_word' id='word_1_127' title='bbox 281 2403 384 2466; x_wconf 88' lang='lat' dir='ltr'>maior</span> <span class='ocrx_word' id='word_1_128' title='bbox 402 2402 574 2465; x_wconf 78' lang='lat' dir='ltr'>elemosina</span> <span class='ocrx_word' id='word_1_129' title='bbox 591 2421 653 2486; x_wconf 90' lang='lat' dir='ltr'>pro</span> <span class='ocrx_word' id='word_1_130' title='bbox 669 2402 770 2484; x_wconf 78' lang='lat' dir='ltr'>magis</span> <span class='ocrx_word' id='word_1_131' title='bbox 786 2403 893 2486; x_wconf 85' lang='lat' dir='ltr'>capaci</span> <span class='ocrx_word' id='word_1_132' title='bbox 910 2402 1015 2487; x_wconf 88' lang='lat' dir='ltr'>quoad</span> <span class='ocrx_word' id='word_1_133' title='bbox 1032 2402 1148 2483; x_wconf 85' lang='lat' dir='ltr'>Deum,</span> 
     </span>
     <span class='ocr_line' id='line_1_18' title="bbox 170 2504 1149 2592; baseline -0.005 -20"><span class='ocrx_word' id='word_1_134' title='bbox 170 2509 266 2572; x_wconf 89' lang='lat' dir='ltr'>habet</span> <span class='ocrx_word' id='word_1_135' title='bbox 289 2528 326 2571; x_wconf 86' lang='lat' dir='ltr'>ex</span> <span class='ocrx_word' id='word_1_136' title='bbox 348 2505 511 2570; x_wconf 85' lang='lat' dir='ltr'>taxacione</span> <span class='ocrx_word' id='word_1_137' title='bbox 535 2526 618 2592; x_wconf 90' lang='lat' dir='ltr'>pape</span> <span class='ocrx_word' id='word_1_138' title='bbox 638 2507 794 2570; x_wconf 88' lang='lat' dir='ltr'>minorem</span> <span class='ocrx_word' id='word_1_139' title='bbox 819 2504 991 2570; x_wconf 81' lang='lat' dir='ltr'>efficaciam</span> <span class='ocrx_word' id='word_1_140' title='bbox 1015 2507 1053 2568; x_wconf 88' lang='lat' dir='ltr'>ad</span> <span class='ocrx_word' id='word_1_141' title='bbox 1077 2524 1149 2589; x_wconf 89' lang='lat' dir='ltr'>pec·</span> 
     </span>
     <span class='ocr_line' id='line_1_19' title="bbox 170 2611 1149 2696; baseline -0.004 -19"><span class='ocrx_word' id='word_1_142' title='bbox 170 2628 277 2678; x_wconf 89' lang='lat' dir='ltr'>catum</span> <span class='ocrx_word' id='word_1_143' title='bbox 304 2612 354 2674; x_wconf 84' lang='lat' dir='ltr'>vel</span> <span class='ocrx_word' id='word_1_144' title='bbox 386 2611 599 2696; x_wconf 88' lang='lat' dir='ltr'>penitenciam</span> <span class='ocrx_word' id='word_1_145' title='bbox 636 2611 873 2676; x_wconf 87' lang='lat' dir='ltr'>remittendum.</span> <span class='ocrx_word' id='word_1_146' title='bbox 918 2611 1015 2675; x_wconf 87' lang='lat' dir='ltr'>Tales</span> <span class='ocrx_word' id='word_1_147' title='bbox 1049 2611 1149 2674; x_wconf 90' lang='lat' dir='ltr'>multe</span> 
     </span>
     <span class='ocr_line' id='line_1_20' title="bbox 170 2715 1148 2800; baseline -0.004 -19"><span class='ocrx_word' id='word_1_148' title='bbox 170 2717 391 2782; x_wconf 80' lang='lat' dir='ltr'>conclusiones</span> <span class='ocrx_word' id='word_1_149' title='bbox 407 2715 621 2799; x_wconf 90' lang='lat' dir='ltr'>impossibiles</span> <span class='ocrx_word' id='word_1_150' title='bbox 637 2730 817 2800; x_wconf 89' lang='lat' dir='ltr'>sequuntur</span> <span class='ocrx_word' id='word_1_151' title='bbox 834 2737 871 2779; x_wconf 83' lang='lat' dir='ltr'>ex</span> <span class='ocrx_word' id='word_1_152' title='bbox 886 2729 1054 2800; x_wconf 88' lang='lat' dir='ltr'>potestate·</span> <span class='ocrx_word' id='word_1_153' title='bbox 1065 2735 1148 2800; x_wconf 84' lang='lat' dir='ltr'>pape</span> 
     </span>
     <span class='ocr_line' id='line_1_21' title="bbox 170 2819 1192 2905; baseline -0.009 -18"><span class='ocrx_word' id='word_1_154' title='bbox 170 2823 297 2887; x_wconf 89' lang='lat' dir='ltr'>taxandi</span> <span class='ocrx_word' id='word_1_155' title='bbox 313 2842 411 2905; x_wconf 86' lang='lat' dir='ltr'>penas</span> <span class='ocrx_word' id='word_1_156' title='bbox 426 2833 458 2884; x_wconf 93' lang='lat' dir='ltr'>et</span> <span class='ocrx_word' id='word_1_157' title='bbox 472 2835 601 2904; x_wconf 88' lang='lat' dir='ltr'>peccata</span> <span class='ocrx_word' id='word_1_158' title='bbox 626 2819 763 2884; x_wconf 84' lang='lat' dir='ltr'>hominis</span> <span class='ocrx_word' id='word_1_159' title='bbox 780 2819 973 2904; x_wconf 79' lang='lat' dir='ltr'>suffragandi</span> <span class='ocrx_word' id='word_1_160' title='bbox 996 2821 1036 2884; x_wconf 90' lang='lat' dir='ltr'>ad</span> <span class='ocrx_word' id='word_1_161' title='bbox 1052 2841 1147 2884; x_wconf 91' lang='lat' dir='ltr'>suum</span> <span class='ocrx_word' id='word_1_162' title='bbox 1158 2841 1192 2879; x_wconf 77' lang='lat' dir='ltr'>ro</span> 
     </span>
     <span class='ocr_line' id='line_1_22' title="bbox 169 2925 1147 3011; baseline -0.003 -20"><span class='ocrx_word' id='word_1_163' title='bbox 169 2928 322 3011; x_wconf 89' lang='lat' dir='ltr'>placitum</span> <span class='ocrx_word' id='word_1_164' title='bbox 346 2940 377 2989; x_wconf 90' lang='lat' dir='ltr'>et</span> <span class='ocrx_word' id='word_1_165' title='bbox 401 2946 439 2989; x_wconf 84' lang='lat' dir='ltr'>ex</span> <span class='ocrx_word' id='word_1_166' title='bbox 468 2926 595 2989; x_wconf 90' lang='lat' dir='ltr'>casibus</span> <span class='ocrx_word' id='word_1_167' title='bbox 627 2925 839 2989; x_wconf 79' lang='lat' dir='ltr'>calculatoriis</span> <span class='ocrx_word' id='word_1_168' title='bbox 870 2945 953 3010; x_wconf 86' lang='lat' dir='ltr'>quos</span> <span class='ocrx_word' id='word_1_169' title='bbox 980 2926 1038 2989; x_wconf 88' lang='lat' dir='ltr'>ista</span> <span class='ocrx_word' id='word_1_170' title='bbox 1062 2926 1147 2989; x_wconf 91' lang='lat' dir='ltr'>scola</span> 
     </span>
     <span class='ocr_line' id='line_1_23' title="bbox 170 3031 469 3099; baseline -0.013 0"><span class='ocrx_word' id='word_1_171' title='bbox 170 3034 267 3099; x_wconf 90' lang='lat' dir='ltr'>habet</span> <span class='ocrx_word' id='word_1_172' title='bbox 289 3031 469 3095; x_wconf 86' lang='lat' dir='ltr'>admittere.</span> 
     </span>
     <span class='ocr_line' id='line_1_24' title="bbox 117 3135 1149 3240; baseline -0.003 -40"><span class='ocrx_word' id='word_1_173' title='bbox 117 3206 160 3240; x_wconf 70' lang='lat' dir='ltr'>ean</span> <span class='ocrx_word' id='word_1_174' title='bbox 213 3137 331 3200; x_wconf 90' lang='lat' dir='ltr'>Tercio</span> <span class='ocrx_word' id='word_1_175' title='bbox 347 3137 474 3201; x_wconf 85' lang='lat' dir='ltr'>videtur</span> <span class='ocrx_word' id='word_1_176' title='bbox 490 3136 578 3219; x_wconf 94' lang='lat' dir='ltr'>quod</span> <span class='ocrx_word' id='word_1_177' title='bbox 595 3135 738 3198; x_wconf 87' lang='lat' dir='ltr'>subiacet</span> <span class='ocrx_word' id='word_1_178' title='bbox 753 3135 902 3218; x_wconf 89' lang='lat' dir='ltr'>potestati</span> <span class='ocrx_word' id='word_1_179' title='bbox 919 3156 1000 3219; x_wconf 87' lang='lat' dir='ltr'>pape</span> <span class='ocrx_word' id='word_1_180' title='bbox 1015 3136 1149 3198; x_wconf 90' lang='lat' dir='ltr'>omnino</span> 
     </span>
     <span class='ocr_line' id='line_1_25' title="bbox 117 3242 1149 3346; baseline -0.002 -41"><span class='ocrx_word' id='word_1_181' title='bbox 117 3243 333 3346; x_wconf 44' lang='lat' dir='ltr'>¹quetabsolvcre</span> <span class='ocrx_word' id='word_1_182' title='bbox 351 3257 416 3305; x_wconf 87' lang='lat' dir='ltr'>tam</span> <span class='ocrx_word' id='word_1_183' title='bbox 434 3242 522 3305; x_wconf 86' lang='lat' dir='ltr'>vivos</span> <span class='ocrx_word' id='word_1_184' title='bbox 539 3261 636 3324; x_wconf 90' lang='lat' dir='ltr'>quem</span> <span class='ocrx_word' id='word_1_185' title='bbox 654 3255 801 3304; x_wconf 91' lang='lat' dir='ltr'>mortuos</span> <span class='ocrx_word' id='word_1_186' title='bbox 818 3262 834 3302; x_wconf 92' lang='lat' dir='ltr'>a</span> <span class='ocrx_word' id='word_1_187' title='bbox 851 3261 932 3323; x_wconf 89' lang='lat' dir='ltr'>pena</span> <span class='ocrx_word' id='word_1_188' title='bbox 950 3255 980 3304; x_wconf 89' lang='lat' dir='ltr'>et</span> <span class='ocrx_word' id='word_1_189' title='bbox 1003 3263 1020 3303; x_wconf 90' lang='lat' dir='ltr'>a</span> <span class='ocrx_word' id='word_1_190' title='bbox 1044 3243 1149 3324; x_wconf 87' lang='lat' dir='ltr'>culpa,</span> 
     </span>
     <span class='ocr_line' id='line_1_26' title="bbox 117 3344 1190 3431; baseline 0 -23"><span class='ocrx_word' id='word_1_191' title='bbox 117 3356 202 3410; x_wconf 74' lang='lat' dir='ltr'>0¹e·et</span> <span class='ocrx_word' id='word_1_192' title='bbox 224 3368 311 3431; x_wconf 92' lang='lat' dir='ltr'>pono</span> <span class='ocrx_word' id='word_1_193' title='bbox 334 3348 422 3430; x_wconf 92' lang='lat' dir='ltr'>quod</span> <span class='ocrx_word' id='word_1_194' title='bbox 447 3347 509 3410; x_wconf 91' lang='lat' dir='ltr'>sint</span> <span class='ocrx_word' id='word_1_195' title='bbox 532 3344 649 3409; x_wconf 87' lang='lat' dir='ltr'>infiniti</span> <span class='ocrx_word' id='word_1_196' title='bbox 674 3346 820 3408; x_wconf 86' lang='lat' dir='ltr'>homines</span> <span class='ocrx_word' id='word_1_197' title='bbox 843 3359 874 3409; x_wconf 92' lang='lat' dir='ltr'>et</span> <span class='ocrx_word' id='word_1_198' title='bbox 896 3345 1011 3410; x_wconf 89' lang='lat' dir='ltr'>infiniti</span> <span class='ocrx_word' id='word_1_199' title='bbox 1028 3346 1190 3410; x_wconf 80' lang='lat' dir='ltr'>denarii25</span> 
     </span>
     <span class='ocr_line' id='line_1_27' title="bbox 171 3450 1151 3514; baseline 0 0"><span class='ocrx_word' id='word_1_200' title='bbox 171 3453 237 3514; x_wconf 88' lang='lat' dir='ltr'>sive</span> <span class='ocrx_word' id='word_1_201' title='bbox 260 3451 355 3514; x_wconf 91' lang='lat' dir='ltr'>simul</span> <span class='ocrx_word' id='word_1_202' title='bbox 371 3452 438 3514; x_wconf 86' lang='lat' dir='ltr'>sive</span> <span class='ocrx_word' id='word_1_203' title='bbox 461 3452 641 3514; x_wconf 88' lang='lat' dir='ltr'>successive</span> <span class='ocrx_word' id='word_1_204' title='bbox 665 3451 759 3512; x_wconf 88' lang='lat' dir='ltr'>creati</span> <span class='ocrx_word' id='word_1_205' title='bbox 777 3467 808 3513; x_wconf 92' lang='lat' dir='ltr'>ct</span> <span class='ocrx_word' id='word_1_206' title='bbox 831 3450 1012 3514; x_wconf 83' lang='lat' dir='ltr'>adnichilati</span> <span class='ocrx_word' id='word_1_207' title='bbox 1036 3452 1074 3513; x_wconf 94' lang='lat' dir='ltr'>de</span> <span class='ocrx_word' id='word_1_208' title='bbox 1092 3451 1151 3514; x_wconf 88' lang='lat' dir='ltr'>Dei</span> 
     </span>
     <span class='ocr_line' id='line_1_28' title="bbox 172 3555 1150 3641; baseline 0.001 -23"><span class='ocrx_word' id='word_1_209' title='bbox 172 3557 318 3641; x_wconf 88' lang='lat' dir='ltr'>potencia</span> <span class='ocrx_word' id='word_1_210' title='bbox 346 3557 502 3639; x_wconf 85' lang='lat' dir='ltr'>absoluta,</span> <span class='ocrx_word' id='word_1_211' title='bbox 535 3571 567 3619; x_wconf 91' lang='lat' dir='ltr'>et</span> <span class='ocrx_word' id='word_1_212' title='bbox 594 3555 740 3637; x_wconf 80' lang='lat' dir='ltr'>iniungat</span> <span class='ocrx_word' id='word_1_213' title='bbox 766 3576 848 3639; x_wconf 88' lang='lat' dir='ltr'>papa</span> <span class='ocrx_word' id='word_1_214' title='bbox 886 3555 989 3638; x_wconf 91' lang='lat' dir='ltr'>primo</span> <span class='ocrx_word' id='word_1_215' title='bbox 1023 3556 1150 3619; x_wconf 88' lang='lat' dir='ltr'>illorum</span> 
     </span>
     <span class='ocr_line' id='line_1_29' title="bbox 172 3659 1151 3744; baseline 0.001 -22"><span class='ocrx_word' id='word_1_216' title='bbox 172 3662 259 3743; x_wconf 93' lang='lat' dir='ltr'>quod</span> <span class='ocrx_word' id='word_1_217' title='bbox 284 3663 337 3724; x_wconf 89' lang='lat' dir='ltr'>det</span> <span class='ocrx_word' id='word_1_218' title='bbox 360 3661 502 3744; x_wconf 86' lang='lat' dir='ltr'>primum</span> <span class='ocrx_word' id='word_1_219' title='bbox 526 3660 694 3723; x_wconf 88' lang='lat' dir='ltr'>denarium</span> <span class='ocrx_word' id='word_1_220' title='bbox 710 3679 770 3743; x_wconf 93' lang='lat' dir='ltr'>pro</span> <span class='ocrx_word' id='word_1_221' title='bbox 786 3661 920 3723; x_wconf 89' lang='lat' dir='ltr'>delenda</span> <span class='ocrx_word' id='word_1_222' title='bbox 937 3659 1038 3744; x_wconf 86' lang='lat' dir='ltr'>prima</span> <span class='ocrx_word' id='word_1_223' title='bbox 1062 3675 1151 3744; x_wconf 86' lang='lat' dir='ltr'>parte</span> 
     </span>
     <span class='ocr_line' id='line_1_30' title="bbox 174 3765 1152 3848; baseline -0.001 -20"><span class='ocrx_word' id='word_1_224' title='bbox 174 3765 1152 3848; x_wconf 81' lang='lat' dir='ltr'>penitenciePetri;secundoauteminiungatquodsecundus</span> 
     </span>
     <span class='ocr_line' id='line_1_31' title="bbox 173 3869 1196 3953; baseline 0 -22"><span class='ocrx_word' id='word_1_225' title='bbox 173 3873 226 3933; x_wconf 89' lang='lat' dir='ltr'>det</span> <span class='ocrx_word' id='word_1_226' title='bbox 254 3871 430 3933; x_wconf 91' lang='lat' dir='ltr'>secundum</span> <span class='ocrx_word' id='word_1_227' title='bbox 459 3870 626 3933; x_wconf 87' lang='lat' dir='ltr'>denarium</span> <span class='ocrx_word' id='word_1_228' title='bbox 654 3889 713 3951; x_wconf 92' lang='lat' dir='ltr'>pro</span> <span class='ocrx_word' id='word_1_229' title='bbox 744 3869 876 3932; x_wconf 89' lang='lat' dir='ltr'>delenda</span> <span class='ocrx_word' id='word_1_230' title='bbox 901 3869 1038 3933; x_wconf 89' lang='lat' dir='ltr'>secunda</span> <span class='ocrx_word' id='word_1_231' title='bbox 1061 3884 1152 3953; x_wconf 90' lang='lat' dir='ltr'>parte</span> <span class='ocrx_word' id='word_1_232' title='bbox 1163 3888 1196 3941; x_wconf 81' lang='lat'>30</span> 
     </span>
     <span class='ocr_line' id='line_1_32' title="bbox 175 3973 1151 4064; baseline 0.001 -27"><span class='ocrx_word' id='word_1_233' title='bbox 175 3996 230 4037; x_wconf 89' lang='lat' dir='ltr'>sue</span> <span class='ocrx_word' id='word_1_234' title='bbox 254 3975 443 4059; x_wconf 89' lang='lat' dir='ltr'>penitencie,</span> <span class='ocrx_word' id='word_1_235' title='bbox 467 3989 498 4037; x_wconf 93' lang='lat' dir='ltr'>et</span> <span class='ocrx_word' id='word_1_236' title='bbox 521 3975 566 4037; x_wconf 89' lang='lat' dir='ltr'>sic</span> <span class='ocrx_word' id='word_1_237' title='bbox 591 3974 622 4036; x_wconf 91' lang='lat' dir='ltr'>in</span> <span class='ocrx_word' id='word_1_238' title='bbox 647 3973 817 4039; x_wconf 89' lang='lat' dir='ltr'>infinitum.</span> <span class='ocrx_word' id='word_1_239' title='bbox 837 3974 876 4036; x_wconf 88' lang='lat' dir='ltr'>Et</span> <span class='ocrx_word' id='word_1_240' title='bbox 899 3987 985 4055; x_wconf 89' lang='lat' dir='ltr'>patet</span> <span class='ocrx_word' id='word_1_241' title='bbox 1008 3975 1095 4064; x_wconf 92' lang='lat' dir='ltr'>quod</span> <span class='ocrx_word' id='word_1_242' title='bbox 1120 3975 1151 4038; x_wconf 93' lang='lat' dir='ltr'>in</span> 
     </span>
     <span class='ocr_line' id='line_1_33' title="bbox 174 4079 881 4164; baseline 0 -22"><span class='ocrx_word' id='word_1_243' title='bbox 174 4079 236 4143; x_wconf 90' lang='lat' dir='ltr'>fine</span> <span class='ocrx_word' id='word_1_244' title='bbox 260 4080 341 4144; x_wconf 85' lang='lat' dir='ltr'>foret</span> <span class='ocrx_word' id='word_1_245' title='bbox 366 4094 433 4143; x_wconf 91' lang='lat' dir='ltr'>tota</span> <span class='ocrx_word' id='word_1_246' title='bbox 457 4079 636 4164; x_wconf 89' lang='lat' dir='ltr'>penitencia</span> <span class='ocrx_word' id='word_1_247' title='bbox 660 4079 744 4142; x_wconf 88' lang='lat' dir='ltr'>Petri</span> <span class='ocrx_word' id='word_1_248' title='bbox 768 4079 881 4143; x_wconf 89' lang='lat' dir='ltr'>deleta.</span> 
     </span>
     <span class='ocr_line' id='line_1_34' title="bbox 217 4183 1190 4269; baseline 0 -23"><span class='ocrx_word' id='word_1_249' title='bbox 217 4186 257 4248; x_wconf 86' lang='lat' dir='ltr'>Et</span> <span class='ocrx_word' id='word_1_250' title='bbox 291 4185 315 4247; x_wconf 93' lang='lat' dir='ltr'>si</span> <span class='ocrx_word' id='word_1_251' title='bbox 348 4185 473 4247; x_wconf 91' lang='lat' dir='ltr'>dicatur</span> <span class='ocrx_word' id='word_1_252' title='bbox 500 4183 589 4269; x_wconf 89' lang='lat' dir='ltr'>quod</span> <span class='ocrx_word' id='word_1_253' title='bbox 619 4184 697 4247; x_wconf 90' lang='lat' dir='ltr'>tales</span> <span class='ocrx_word' id='word_1_254' title='bbox 728 4203 821 4247; x_wconf 81' lang='lat' dir='ltr'>casus</span> <span class='ocrx_word' id='word_1_255' title='bbox 855 4197 932 4247; x_wconf 90' lang='lat' dir='ltr'>sunt</span> <span class='ocrx_word' id='word_1_256' title='bbox 962 4183 1190 4267; x_wconf 75' lang='lat' dir='ltr'>ymaginariip</span> 
     </span>
     <span class='ocr_line' id='line_1_35' title="bbox 174 4288 1153 4372; baseline -0.001 -21"><span class='ocrx_word' id='word_1_257' title='bbox 174 4289 277 4352; x_wconf 88' lang='lat' dir='ltr'>solum</span> <span class='ocrx_word' id='word_1_258' title='bbox 311 4289 481 4372; x_wconf 91' lang='lat' dir='ltr'>possibiles</span> <span class='ocrx_word' id='word_1_259' title='bbox 512 4290 552 4351; x_wconf 90' lang='lat' dir='ltr'>de</span> <span class='ocrx_word' id='word_1_260' title='bbox 578 4288 635 4351; x_wconf 89' lang='lat' dir='ltr'>Dei</span> <span class='ocrx_word' id='word_1_261' title='bbox 669 4289 815 4371; x_wconf 89' lang='lat' dir='ltr'>potencia</span> <span class='ocrx_word' id='word_1_262' title='bbox 854 4289 1010 4364; x_wconf 84' lang='lat' dir='ltr'>absoluta,</span> <span class='ocrx_word' id='word_1_263' title='bbox 1032 4309 1153 4351; x_wconf 85' lang='lat' dir='ltr'>revera</span> 
     </span>
    </p>
   </div>
   <div class='ocr_carea' id='block_1_3' title="bbox 175 4390 1155 4476">
    <p class='ocr_par' dir='ltr' id='par_1_3' title="bbox 175 4390 1155 4476">
     <span class='ocr_line' id='line_1_36' title="bbox 175 4390 1155 4476; baseline 0.003 -22"><span class='ocrx_word' id='word_1_264' title='bbox 175 4393 219 4455; x_wconf 92' lang='lat' dir='ltr'>sic</span> <span class='ocrx_word' id='word_1_265' title='bbox 242 4408 385 4476; x_wconf 89' lang='lat' dir='ltr'>potestas</span> <span class='ocrx_word' id='word_1_266' title='bbox 411 4390 484 4456; x_wconf 89' lang='lat' dir='ltr'>ficta</span> <span class='ocrx_word' id='word_1_267' title='bbox 511 4395 551 4456; x_wconf 93' lang='lat' dir='ltr'>de</span> <span class='ocrx_word' id='word_1_268' title='bbox 581 4393 785 4456; x_wconf 89' lang='lat' dir='ltr'>concessione</span> <span class='ocrx_word' id='word_1_269' title='bbox 809 4393 1082 4476; x_wconf 80' lang='lat' dir='ltr'>indulgenciarum</span> <span class='ocrx_word' id='word_1_270' title='bbox 1107 4408 1155 4458; x_wconf 91' lang='lat' dir='ltr'>est</span> 
     </span>
    </p>
   </div>
   <div class='ocr_carea' id='block_1_4' title="bbox 175 4536 1169 4693">
    <p class='ocr_par' dir='ltr' id='par_1_4' title="bbox 175 4536 1169 4693">
     <span class='ocr_line' id='line_1_37' title="bbox 213 4536 1169 4620; baseline -0.001 -14"><span class='ocrx_word' id='word_1_271' title='bbox 213 4573 233 4607; x_wconf 82' lang='lat' dir='ltr'>a.</span> <span class='ocrx_word' id='word_1_272' title='bbox 247 4564 269 4608; x_wconf 77' lang='grc' dir='ltr'><strong>Α</strong></span> <span class='ocrx_word' id='word_1_273' title='bbox 282 4565 324 4620; x_wconf 62' lang='grc' dir='ltr'>Δρ</span> <span class='ocrx_word' id='word_1_274' title='bbox 341 4564 482 4610; x_wconf 80' lang='lat' dir='ltr'>crederetur.</span> <span class='ocrx_word' id='word_1_275' title='bbox 588 4574 610 4618; x_wconf 91' lang='lat'>7.</span> <span class='ocrx_word' id='word_1_276' title='bbox 624 4560 647 4607; x_wconf 82' lang='lat'>8.</span> <span class='ocrx_word' id='word_1_277' title='bbox 661 4561 693 4607; x_wconf 70' lang='lat' dir='ltr'>a:</span> <span class='ocrx_word' id='word_1_278' title='bbox 712 4561 788 4620; x_wconf 80' lang='lat' dir='ltr'>prime</span> <span class='ocrx_word' id='word_1_279' title='bbox 807 4561 890 4608; x_wconf 77' lang='lat' dir='ltr'>subsit</span> <span class='ocrx_word' id='word_1_280' title='bbox 994 4558 1027 4608; x_wconf 77' lang='lat'>³3.</span> <span class='ocrx_word' id='word_1_281' title='bbox 1042 4561 1073 4606; x_wconf 78' lang='lat' dir='ltr'>lia</span> <span class='ocrx_word' id='word_1_282' title='bbox 1087 4536 1169 4606; x_wconf 20' lang='lat' dir='ltr'>casas*</span> 
     </span>
     <span class='ocr_line' id='line_1_38' title="bbox 175 4633 390 4693; baseline 0.005 -15"><span class='ocrx_word' id='word_1_283' title='bbox 175 4641 230 4678; x_wconf 82' lang='lat' dir='ltr'>cunt</span> <span class='ocrx_word' id='word_1_284' title='bbox 243 4633 390 4693; x_wconf 60' lang='lat' dir='ltr'>,prasinum</span> 
     </span>
    </p>
   </div>
   <div class='ocr_carea' id='block_1_5' title="bbox 0 0 1649 5226">
    <p class='ocr_par' dir='ltr' id='par_1_5' title="bbox 0 0 1649 5226">
     <span class='ocr_line' id='line_1_39' title="bbox 0 0 1649 5226; baseline 0 0"><span class='ocrx_word' id='word_1_285' title='bbox 0 0 1649 5226; x_wconf 95' lang='lat' dir='ltr'> </span> 
     </span>
    </p>
   </div>
  </div>
 </body>
</html>
