<?xml version="1.0" encoding="UTF-8"?>
<!DOCTYPE html PUBLIC "-//W3C//DTD XHTML 1.0 Transitional//EN"
    "http://www.w3.org/TR/xhtml1/DTD/xhtml1-transitional.dtd">
<html xmlns="http://www.w3.org/1999/xhtml" xml:lang="en" lang="en">
 <head>
  <title>
</title>
<meta http-equiv="Content-Type" content="text/html;charset=utf-8" />
  <meta name='ocr-system' content='tesseract 3.04.00' />
  <meta name='ocr-capabilities' content='ocr_page ocr_carea ocr_par ocr_line ocrx_word'/>
</head>
<body>
  <div class='ocr_page' id='page_1' title='image "./iohanniswyclift00mattgoog_0102.png"; bbox 0 0 3262 5226; ppageno 0'>
   <div class='ocr_carea' id='block_1_1' title="bbox 256 426 873 524">
    <p class='ocr_par' dir='ltr' id='par_1_1' title="bbox 256 426 873 524">
     <span class='ocr_line' id='line_1_1' title="bbox 256 426 873 524; baseline 0.002 -21"><span class='ocrx_word' id='word_1_1' title='bbox 256 426 388 524; x_wconf 75' lang='lat' dir='ltr'>asana]</span> <span class='ocrx_word' id='word_1_2' title='bbox 613 442 873 504; x_wconf 71' lang='lat' dir='ltr'>&#39;nascentiam</span> 
     </span>
    </p>
   </div>
   <div class='ocr_carea' id='block_1_2' title="bbox 53 594 1564 3834">
    <p class='ocr_par' dir='ltr' id='par_1_2' title="bbox 53 594 1564 2787">
     <span class='ocr_line' id='line_1_2' title="bbox 144 594 1241 693; baseline -0.017 0"><span class='ocrx_word' id='word_1_3' title='bbox 144 637 171 693; x_wconf 89' lang='lat'>0</span> <span class='ocrx_word' id='word_1_4' title='bbox 188 633 247 690; x_wconf 75' lang='lat'>136⁴</span> <span class='ocrx_word' id='word_1_5' title='bbox 257 637 321 682; x_wconf 84' lang='lat' dir='ltr'>non</span> <span class='ocrx_word' id='word_1_6' title='bbox 333 612 437 678; x_wconf 78' lang='lat' dir='ltr'>labet.</span> <span class='ocrx_word' id='word_1_7' title='bbox 450 594 601 673; x_wconf 80' lang='lat' dir='ltr'>Doctrina</span> <span class='ocrx_word' id='word_1_8' title='bbox 613 620 721 670; x_wconf 90' lang='lat' dir='ltr'>autem</span> <span class='ocrx_word' id='word_1_9' title='bbox 733 604 849 671; x_wconf 77' lang='lat' dir='ltr'>Christi</span> <span class='ocrx_word' id='word_1_10' title='bbox 862 622 937 672; x_wconf 92' lang='lat' dir='ltr'>sunt</span> <span class='ocrx_word' id='word_1_11' title='bbox 946 606 1120 688; x_wconf 86' lang='lat' dir='ltr'>humilitas,</span> <span class='ocrx_word' id='word_1_12' title='bbox 1129 608 1241 674; x_wconf 84' lang='lat' dir='ltr'>caritas</span> 
     </span>
     <span class='ocr_line' id='line_1_3' title="bbox 53 696 1240 804; baseline -0.006 -20"><span class='ocrx_word' id='word_1_13' title='bbox 53 696 56 701; x_wconf 25' lang='grc' dir='ltr'>Ι</span> <span class='ocrx_word' id='word_1_14' title='bbox 257 732 289 784; x_wconf 92' lang='lat' dir='ltr'>et</span> <span class='ocrx_word' id='word_1_15' title='bbox 302 728 480 804; x_wconf 76' lang='lat' dir='ltr'><strong>paupertas.</strong></span> <span class='ocrx_word' id='word_1_16' title='bbox 504 711 697 795; x_wconf 85' lang='lat' dir='ltr'><strong>Quicunque</strong></span> <span class='ocrx_word' id='word_1_17' title='bbox 712 729 787 794; x_wconf 89' lang='lat' dir='ltr'>ergo</span> <span class='ocrx_word' id='word_1_18' title='bbox 802 710 904 776; x_wconf 85' lang='lat' dir='ltr'>oderit</span> <span class='ocrx_word' id='word_1_19' title='bbox 916 711 987 794; x_wconf 89' lang='lat' dir='ltr'>ista,</span> <span class='ocrx_word' id='word_1_20' title='bbox 1003 733 1069 777; x_wconf 90' lang='lat' dir='ltr'>uon</span> <span class='ocrx_word' id='word_1_21' title='bbox 1082 711 1240 777; x_wconf 90' lang='lat' dir='ltr'>imitando</span> 
     </span>
     <span class='ocr_line' id='line_1_4' title="bbox 190 813 1240 914; baseline -0.006 -27"><span class='ocrx_word' id='word_1_22' title='bbox 190 843 249 914; x_wconf 76' lang='lat'>¹³7⁸</span> <span class='ocrx_word' id='word_1_23' title='bbox 257 822 421 888; x_wconf 87' lang='lat' dir='ltr'>Christum</span> <span class='ocrx_word' id='word_1_24' title='bbox 435 831 471 881; x_wconf 92' lang='lat' dir='ltr'>ut</span> <span class='ocrx_word' id='word_1_25' title='bbox 484 815 601 900; x_wconf 82' lang='lat' dir='ltr'>aquila,</span> <span class='ocrx_word' id='word_1_26' title='bbox 614 813 694 878; x_wconf 93' lang='lat' dir='ltr'>scito</span> <span class='ocrx_word' id='word_1_27' title='bbox 708 815 796 899; x_wconf 90' lang='lat' dir='ltr'>quod</span> <span class='ocrx_word' id='word_1_28' title='bbox 811 836 876 879; x_wconf 91' lang='lat' dir='ltr'>non</span> <span class='ocrx_word' id='word_1_29' title='bbox 890 815 930 880; x_wconf 91' lang='lat' dir='ltr'>sit</span> <span class='ocrx_word' id='word_1_30' title='bbox 942 817 982 879; x_wconf 92' lang='lat' dir='ltr'>de</span> <span class='ocrx_word' id='word_1_31' title='bbox 996 837 1054 881; x_wconf 89' lang='lat' dir='ltr'>sua</span> <span class='ocrx_word' id='word_1_32' title='bbox 1066 815 1088 862; x_wconf 87' lang='lat'><strong>*</strong></span> <span class='ocrx_word' id='word_1_33' title='bbox 1100 815 1240 881; x_wconf 84' lang='lat' dir='ltr'>ecclesia.</span> 
     </span>
     <span class='ocr_line' id='line_1_5' title="bbox 221 918 1564 1007; baseline -0.002 -17"><span class='ocrx_word' id='word_1_34' title='bbox 221 947 249 1002; x_wconf 80' lang='lat' dir='ltr'>p</span> <span class='ocrx_word' id='word_1_35' title='bbox 301 927 342 991; x_wconf 84' lang='lat' dir='ltr'>Et</span> <span class='ocrx_word' id='word_1_36' title='bbox 363 924 408 988; x_wconf 91' lang='lat' dir='ltr'>sic</span> <span class='ocrx_word' id='word_1_37' title='bbox 435 937 498 988; x_wconf 88' lang='lat' dir='ltr'>tres</span> <span class='ocrx_word' id='word_1_38' title='bbox 519 933 628 1007; x_wconf 89' lang='lat' dir='ltr'>gentes</span> <span class='ocrx_word' id='word_1_39' title='bbox 650 918 861 984; x_wconf 84' lang='lat' dir='ltr'>excluduntur</span> <span class='ocrx_word' id='word_1_40' title='bbox 883 941 910 983; x_wconf 76' lang='grc' dir='ltr'>,ι</span> <span class='ocrx_word' id='word_1_41' title='bbox 932 920 1083 984; x_wconf 77' lang='lat' dir='ltr'>membris</span> <span class='ocrx_word' id='word_1_42' title='bbox 1111 920 1241 986; x_wconf 82' lang='lat' dir='ltr'>ecclesie</span> <span class='ocrx_word' id='word_1_43' title='bbox 1261 935 1344 984; x_wconf 69' lang='lat' dir='ltr'>nm</span> <span class='ocrx_word' id='word_1_44' title='bbox 1360 940 1452 988; x_wconf 70' lang='lat' dir='ltr'>etum</span> <span class='ocrx_word' id='word_1_45' title='bbox 1561 996 1564 1001; x_wconf 26' lang='lat'><strong>¹</strong></span> 
     </span>
     <span class='ocr_line' id='line_1_6' title="bbox 233 990 1564 1118; baseline -0.004 -20"><span class='ocrx_word' id='word_1_46' title='bbox 233 1033 311 1118; x_wconf 74' lang='lat' dir='ltr'>squi</span> <span class='ocrx_word' id='word_1_47' title='bbox 334 1030 470 1097; x_wconf 93' lang='lat' dir='ltr'>omnino</span> <span class='ocrx_word' id='word_1_48' title='bbox 492 1039 626 1113; x_wconf 89' lang='lat' dir='ltr'>peccant</span> <span class='ocrx_word' id='word_1_49' title='bbox 647 1025 679 1088; x_wconf 89' lang='lat' dir='ltr'>in</span> <span class='ocrx_word' id='word_1_50' title='bbox 703 1022 776 1107; x_wconf 93' lang='lat' dir='ltr'>fide,</span> <span class='ocrx_word' id='word_1_51' title='bbox 800 1026 917 1092; x_wconf 89' lang='lat' dir='ltr'>scilicet</span> <span class='ocrx_word' id='word_1_52' title='bbox 939 1027 1075 1092; x_wconf 89' lang='lat' dir='ltr'>omnino</span> <span class='ocrx_word' id='word_1_53' title='bbox 1099 1025 1239 1089; x_wconf 88' lang='lat' dir='ltr'>infideles</span> <span class='ocrx_word' id='word_1_54' title='bbox 1249 990 1466 1092; x_wconf 60' lang='lat' dir='ltr'>aiiiieii‘oiiie</span> <span class='ocrx_word' id='word_1_55' title='bbox 1555 1084 1564 1117; x_wconf 46' lang='grc'>,.</span> 
     </span>
     <span class='ocr_line' id='line_1_7' title="bbox 256 1096 1424 1221; baseline -0.001 -23"><span class='ocrx_word' id='word_1_56' title='bbox 256 1152 292 1203; x_wconf 94' lang='lat' dir='ltr'>ut</span> <span class='ocrx_word' id='word_1_57' title='bbox 319 1135 450 1221; x_wconf 86' lang='lat' dir='ltr'>pagani;</span> <span class='ocrx_word' id='word_1_58' title='bbox 482 1130 609 1196; x_wconf 87' lang='lat' dir='ltr'>heretici</span> <span class='ocrx_word' id='word_1_59' title='bbox 633 1145 668 1195; x_wconf 90' lang='lat' dir='ltr'>ut</span> <span class='ocrx_word' id='word_1_60' title='bbox 689 1131 864 1196; x_wconf 89' lang='lat' dir='ltr'>sacerdotes</span> <span class='ocrx_word' id='word_1_61' title='bbox 886 1146 918 1197; x_wconf 90' lang='lat' dir='ltr'>et</span> <span class='ocrx_word' id='word_1_62' title='bbox 939 1131 1075 1218; x_wconf 88' lang='lat' dir='ltr'>pharisei</span> <span class='ocrx_word' id='word_1_63' title='bbox 1098 1131 1239 1195; x_wconf 90' lang='lat' dir='ltr'>cumeis</span> <span class='ocrx_word' id='word_1_64' title='bbox 1291 1096 1424 1196; x_wconf 63' lang='lat' dir='ltr'>tfifi‘iia</span> 
     </span>
     <span class='ocr_line' id='line_1_8' title="bbox 257 1199 1465 1322; baseline -0.002 -17"><span class='ocrx_word' id='word_1_65' title='bbox 257 1241 413 1305; x_wconf 79' lang='lat' dir='ltr'>similibus</span> <span class='ocrx_word' id='word_1_66' title='bbox 440 1237 494 1322; x_wconf 91' lang='lat' dir='ltr'>qui</span> <span class='ocrx_word' id='word_1_67' title='bbox 519 1256 684 1320; x_wconf 89' lang='lat' dir='ltr'>nunquam</span> <span class='ocrx_word' id='word_1_68' title='bbox 712 1248 915 1320; x_wconf 83' lang='lat' dir='ltr'>gustaverunt</span> <span class='ocrx_word' id='word_1_69' title='bbox 942 1237 1145 1301; x_wconf 87' lang='lat' dir='ltr'>dulcedinem</span> <span class='ocrx_word' id='word_1_70' title='bbox 1172 1235 1238 1320; x_wconf 88' lang='lat' dir='ltr'>spei</span> <span class='ocrx_word' id='word_1_71' title='bbox 1248 1199 1465 1311; x_wconf 51' lang='lat' dir='ltr'>niitii&#39;iiiium</span> 
     </span>
     <span class='ocr_line' id='line_1_9' title="bbox 255 1302 1470 1426; baseline -0.005 -16"><span class='ocrx_word' id='word_1_72' title='bbox 255 1343 460 1410; x_wconf 88' lang='lat' dir='ltr'>beatitudinis</span> <span class='ocrx_word' id='word_1_73' title='bbox 497 1363 534 1406; x_wconf 87' lang='lat' dir='ltr'>ex</span> <span class='ocrx_word' id='word_1_74' title='bbox 571 1340 753 1406; x_wconf 90' lang='lat' dir='ltr'>imitacione</span> <span class='ocrx_word' id='word_1_75' title='bbox 790 1342 946 1426; x_wconf 78' lang='lat' dir='ltr'>sapiencie</span> <span class='ocrx_word' id='word_1_76' title='bbox 983 1341 1153 1423; x_wconf 75' lang='lat' dir='ltr'>lacerante,</span> <span class='ocrx_word' id='word_1_77' title='bbox 1184 1302 1285 1405; x_wconf 40' lang='grc' dir='ltr'>κά(οῐ</span> <span class='ocrx_word' id='word_1_78' title='bbox 1302 1307 1425 1405; x_wconf 50' lang='lat' dir='ltr'>‘iiii‘</span> <span class='ocrx_word' id='word_1_79' title='bbox 1439 1308 1470 1355; x_wconf 53' lang='lat' dir='ltr'><strong><em>d</em></strong></span> 
     </span>
     <span class='ocr_line' id='line_1_10' title="bbox 256 1406 1456 1531; baseline -0.001 -18"><span class='ocrx_word' id='word_1_80' title='bbox 256 1448 392 1513; x_wconf 83' lang='lat' dir='ltr'>resident</span> <span class='ocrx_word' id='word_1_81' title='bbox 415 1446 586 1511; x_wconf 77' lang='lat' dir='ltr'>facietenus</span> <span class='ocrx_word' id='word_1_82' title='bbox 608 1445 641 1508; x_wconf 93' lang='lat' dir='ltr'>in</span> <span class='ocrx_word' id='word_1_83' title='bbox 665 1445 793 1509; x_wconf 87' lang='lat' dir='ltr'>ecclesia</span> <span class='ocrx_word' id='word_1_84' title='bbox 806 1446 910 1531; x_wconf 86' lang='lat' dir='ltr'>gracia</span> <span class='ocrx_word' id='word_1_85' title='bbox 924 1445 1102 1511; x_wconf 82' lang='lat' dir='ltr'>affeccionis</span> <span class='ocrx_word' id='word_1_86' title='bbox 1117 1445 1234 1530; x_wconf 93' lang='lat' dir='ltr'>prima·</span> <span class='ocrx_word' id='word_1_87' title='bbox 1261 1406 1456 1524; x_wconf 55' lang='lat' dir='ltr'>iaiebfiiiei&#39;ii</span> 
     </span>
     <span class='ocr_line' id='line_1_11' title="bbox 225 1514 1468 1636; baseline -0.004 -18"><span class='ocrx_word' id='word_1_88' title='bbox 225 1568 349 1627; x_wconf 83' lang='lat' dir='ltr'>atuum</span> <span class='ocrx_word' id='word_1_89' title='bbox 380 1550 608 1636; x_wconf 80' lang='lat' dir='ltr'>temporalium</span> <span class='ocrx_word' id='word_1_90' title='bbox 639 1563 670 1613; x_wconf 89' lang='lat' dir='ltr'>et</span> <span class='ocrx_word' id='word_1_91' title='bbox 698 1550 869 1613; x_wconf 88' lang='lat' dir='ltr'>camalium</span> <span class='ocrx_word' id='word_1_92' title='bbox 900 1550 1119 1634; x_wconf 62' lang='lat' dir='ltr'>voluptatum</span> <span class='ocrx_word' id='word_1_93' title='bbox 1151 1549 1237 1614; x_wconf 92' lang='lat' dir='ltr'>tercii</span> <span class='ocrx_word' id='word_1_94' title='bbox 1249 1514 1383 1614; x_wconf 52' lang='lat' dir='ltr'>iiiiii?</span> <span class='ocrx_word' id='word_1_95' title='bbox 1384 1519 1468 1626; x_wconf 50' lang='lat' dir='ltr'>{imm</span> 
     </span>
     <span class='ocr_line' id='line_1_12' title="bbox 257 1632 1418 1741; baseline -0.002 -22"><span class='ocrx_word' id='word_1_96' title='bbox 257 1677 331 1720; x_wconf 84' lang='lat' dir='ltr'>vero</span> <span class='ocrx_word' id='word_1_97' title='bbox 353 1656 408 1741; x_wconf 90' lang='lat' dir='ltr'>qui</span> <span class='ocrx_word' id='word_1_98' title='bbox 432 1667 639 1741; x_wconf 83' lang='lat' dir='ltr'>gustaverunt</span> <span class='ocrx_word' id='word_1_99' title='bbox 654 1654 821 1738; x_wconf 88' lang='lat' dir='ltr'>paululum</span> <span class='ocrx_word' id='word_1_100' title='bbox 842 1654 1025 1740; x_wconf 77' lang='lat' dir='ltr'>digestionis</span> <span class='ocrx_word' id='word_1_101' title='bbox 1047 1653 1163 1736; x_wconf 84' lang='lat' dir='ltr'>divine,</span> <span class='ocrx_word' id='word_1_102' title='bbox 1185 1654 1241 1718; x_wconf 92' lang='lat' dir='ltr'>sed</span> <span class='ocrx_word' id='word_1_103' title='bbox 1302 1632 1418 1667; x_wconf 62' lang='lat'>&#39;‘¹⁸⁵⁰‘&#39;</span> 
     </span>
     <span class='ocr_line' id='line_1_13' title="bbox 257 1756 1240 1846; baseline -0.002 -21"><span class='ocrx_word' id='word_1_104' title='bbox 257 1775 387 1846; x_wconf 90' lang='lat' dir='ltr'>propter</span> <span class='ocrx_word' id='word_1_105' title='bbox 421 1761 581 1825; x_wconf 88' lang='lat' dir='ltr'>delectum</span> <span class='ocrx_word' id='word_1_106' title='bbox 613 1758 748 1822; x_wconf 89' lang='lat' dir='ltr'>caritatis</span> <span class='ocrx_word' id='word_1_107' title='bbox 771 1759 906 1843; x_wconf 77' lang='lat' dir='ltr'>perfecte</span> <span class='ocrx_word' id='word_1_108' title='bbox 927 1773 983 1824; x_wconf 89' lang='lat' dir='ltr'>aut</span> <span class='ocrx_word' id='word_1_109' title='bbox 1005 1756 1108 1823; x_wconf 84' lang='lat' dir='ltr'>finalis</span> <span class='ocrx_word' id='word_1_110' title='bbox 1134 1779 1240 1844; x_wconf 89' lang='lat' dir='ltr'>perse·</span> 
     </span>
     <span class='ocr_line' id='line_1_14' title="bbox 255 1862 1243 1950; baseline 0.001 -24"><span class='ocrx_word' id='word_1_111' title='bbox 255 1864 397 1929; x_wconf 84' lang='lat' dir='ltr'>verancie</span> <span class='ocrx_word' id='word_1_112' title='bbox 429 1865 579 1929; x_wconf 82' lang='lat' dir='ltr'>excidunt</span> <span class='ocrx_word' id='word_1_113' title='bbox 610 1879 774 1950; x_wconf 81' lang='lat' dir='ltr'>tamquam</span> <span class='ocrx_word' id='word_1_114' title='bbox 804 1863 965 1945; x_wconf 86' lang='lat' dir='ltr'>inhabilia,</span> <span class='ocrx_word' id='word_1_115' title='bbox 997 1878 1033 1929; x_wconf 94' lang='lat' dir='ltr'>ut</span> <span class='ocrx_word' id='word_1_116' title='bbox 1067 1862 1243 1928; x_wconf 77' lang='lat' dir='ltr'>formaliter</span> 
     </span>
     <span class='ocr_line' id='line_1_15' title="bbox 255 1967 1242 2055; baseline -0.003 -22"><span class='ocrx_word' id='word_1_117' title='bbox 255 1970 390 2035; x_wconf 85' lang='lat' dir='ltr'>induant</span> <span class='ocrx_word' id='word_1_118' title='bbox 417 1983 514 2054; x_wconf 93' lang='lat' dir='ltr'>caput</span> <span class='ocrx_word' id='word_1_119' title='bbox 536 1967 716 2050; x_wconf 73' lang='lat' dir='ltr'>Christum,</span> <span class='ocrx_word' id='word_1_120' title='bbox 739 1968 836 2033; x_wconf 90' lang='lat' dir='ltr'>ethii</span> <span class='ocrx_word' id='word_1_121' title='bbox 859 1983 992 2055; x_wconf 86' lang='lat' dir='ltr'>peccant</span> <span class='ocrx_word' id='word_1_122' title='bbox 1013 1969 1045 2032; x_wconf 92' lang='lat' dir='ltr'>in</span> <span class='ocrx_word' id='word_1_123' title='bbox 1069 1967 1242 2033; x_wconf 89' lang='lat' dir='ltr'>trinitatem</span> 
     </span>
     <span class='ocr_line' id='line_1_16' title="bbox 216 2071 1243 2160; baseline -0.009 -15"><span class='ocrx_word' id='word_1_124' title='bbox 216 2093 244 2145; x_wconf 81' lang='lat'>15</span> <span class='ocrx_word' id='word_1_125' title='bbox 257 2090 288 2140; x_wconf 93' lang='lat' dir='ltr'>et</span> <span class='ocrx_word' id='word_1_126' title='bbox 318 2090 380 2139; x_wconf 88' lang='lat' dir='ltr'>tres</span> <span class='ocrx_word' id='word_1_127' title='bbox 412 2075 543 2140; x_wconf 87' lang='lat' dir='ltr'>virtutes</span> <span class='ocrx_word' id='word_1_128' title='bbox 574 2073 743 2138; x_wconf 88' lang='lat' dir='ltr'>catholicas</span> <span class='ocrx_word' id='word_1_129' title='bbox 766 2071 817 2160; x_wconf 94' lang='lat' dir='ltr'>(ut</span> <span class='ocrx_word' id='word_1_130' title='bbox 839 2073 899 2137; x_wconf 83' lang='lat' dir='ltr'>dixi</span> <span class='ocrx_word' id='word_1_131' title='bbox 921 2073 1095 2160; x_wconf 87' lang='lat' dir='ltr'>superius).</span> <span class='ocrx_word' id='word_1_132' title='bbox 1121 2074 1243 2139; x_wconf 82' lang='lat' dir='ltr'>Osnnes</span> 
     </span>
     <span class='ocr_line' id='line_1_17' title="bbox 254 2178 1243 2262; baseline -0.002 -20"><span class='ocrx_word' id='word_1_133' title='bbox 254 2190 360 2244; x_wconf 75' lang='lat' dir='ltr'>nartem</span> <span class='ocrx_word' id='word_1_134' title='bbox 383 2179 476 2260; x_wconf 84' lang='lat' dir='ltr'>tales,</span> <span class='ocrx_word' id='word_1_135' title='bbox 508 2178 584 2243; x_wconf 92' lang='lat' dir='ltr'>dicit</span> <span class='ocrx_word' id='word_1_136' title='bbox 613 2178 822 2262; x_wconf 77' lang='lat' dir='ltr'>Augustinus,</span> <span class='ocrx_word' id='word_1_137' title='bbox 845 2199 909 2243; x_wconf 84' lang='lat' dir='ltr'>non</span> <span class='ocrx_word' id='word_1_138' title='bbox 932 2200 1002 2244; x_wconf 89' lang='lat' dir='ltr'>esse</span> <span class='ocrx_word' id='word_1_139' title='bbox 1024 2180 1065 2243; x_wconf 83' lang='lat' dir='ltr'>de</span> <span class='ocrx_word' id='word_1_140' title='bbox 1088 2178 1243 2243; x_wconf 79' lang='lat' dir='ltr'>membris</span> 
     </span>
     <span class='ocr_line' id='line_1_18' title="bbox 256 2284 1243 2365; baseline -0.002 -17"><span class='ocrx_word' id='word_1_141' title='bbox 256 2285 401 2361; x_wconf 82' lang='lat' dir='ltr'>ecclesie,</span> <span class='ocrx_word' id='word_1_142' title='bbox 438 2285 523 2349; x_wconf 85' lang='lat' dir='ltr'>sicut</span> <span class='ocrx_word' id='word_1_143' title='bbox 554 2285 588 2346; x_wconf 84' lang='lat' dir='ltr'>in</span> <span class='ocrx_word' id='word_1_144' title='bbox 619 2302 757 2365; x_wconf 84' lang='lat' dir='ltr'>corpore</span> <span class='ocrx_word' id='word_1_145' title='bbox 794 2284 933 2349; x_wconf 77' lang='lat' dir='ltr'>iosninis</span> <span class='ocrx_word' id='word_1_146' title='bbox 962 2284 1111 2350; x_wconf 83' lang='lat' dir='ltr'>naturali</span> <span class='ocrx_word' id='word_1_147' title='bbox 1147 2301 1243 2348; x_wconf 82' lang='lat' dir='ltr'>nemo</span> 
     </span>
     <span class='ocr_line' id='line_1_19' title="bbox 257 2387 1242 2472; baseline -0.001 -21"><span class='ocrx_word' id='word_1_148' title='bbox 257 2388 334 2452; x_wconf 88' lang='lat' dir='ltr'>dicit</span> <span class='ocrx_word' id='word_1_149' title='bbox 362 2387 639 2472; x_wconf 81' lang='lat' dir='ltr'>proporcionalia</span> <span class='ocrx_word' id='word_1_150' title='bbox 677 2407 750 2451; x_wconf 88' lang='lat' dir='ltr'>esse</span> <span class='ocrx_word' id='word_1_151' title='bbox 782 2389 937 2453; x_wconf 79' lang='lat' dir='ltr'>nternira.</span> <span class='ocrx_word' id='word_1_152' title='bbox 960 2389 1096 2454; x_wconf 86' lang='lat' dir='ltr'>Sanctus</span> <span class='ocrx_word' id='word_1_153' title='bbox 1133 2401 1242 2451; x_wconf 90' lang='lat' dir='ltr'>autem</span> 
     </span>
     <span class='ocr_line' id='line_1_20' title="bbox 256 2492 1241 2581; baseline -0.002 -25"><span class='ocrx_word' id='word_1_154' title='bbox 256 2493 402 2557; x_wconf 88' lang='lat' dir='ltr'>Thomas</span> <span class='ocrx_word' id='word_1_155' title='bbox 431 2494 556 2558; x_wconf 86' lang='lat' dir='ltr'>videtur</span> <span class='ocrx_word' id='word_1_156' title='bbox 587 2492 674 2578; x_wconf 90' lang='lat' dir='ltr'>loqui</span> <span class='ocrx_word' id='word_1_157' title='bbox 712 2494 905 2578; x_wconf 79' lang='lat' dir='ltr'>generaliter,</span> <span class='ocrx_word' id='word_1_158' title='bbox 942 2494 1164 2581; x_wconf 85' lang='lat' dir='ltr'>equivocando</span> <span class='ocrx_word' id='word_1_159' title='bbox 1200 2492 1241 2555; x_wconf 90' lang='lat' dir='ltr'>de</span> 
     </span>
     <span class='ocr_line' id='line_1_21' title="bbox 214 2597 1238 2684; baseline -0.009 -17"><span class='ocrx_word' id='word_1_160' title='bbox 214 2630 246 2667; x_wconf 67' lang='grc' dir='ltr'>ιο</span> <span class='ocrx_word' id='word_1_161' title='bbox 257 2599 414 2679; x_wconf 88' lang='lat' dir='ltr'>membro,</span> <span class='ocrx_word' id='word_1_162' title='bbox 437 2599 555 2662; x_wconf 86' lang='lat' dir='ltr'>scilicet</span> <span class='ocrx_word' id='word_1_163' title='bbox 582 2599 621 2662; x_wconf 93' lang='lat' dir='ltr'>de</span> <span class='ocrx_word' id='word_1_164' title='bbox 643 2599 788 2662; x_wconf 90' lang='lat' dir='ltr'>membro</span> <span class='ocrx_word' id='word_1_165' title='bbox 811 2600 1027 2684; x_wconf 85' lang='lat' dir='ltr'>temporaliter</span> <span class='ocrx_word' id='word_1_166' title='bbox 1047 2599 1123 2665; x_wconf 81' lang='lat' dir='ltr'>vivo</span> <span class='ocrx_word' id='word_1_167' title='bbox 1144 2610 1176 2662; x_wconf 90' lang='lat' dir='ltr'>et</span> <span class='ocrx_word' id='word_1_168' title='bbox 1197 2597 1238 2659; x_wconf 93' lang='lat' dir='ltr'>de</span> 
     </span>
     <span class='ocr_line' id='line_1_22' title="bbox 255 2702 888 2787; baseline 0.008 -22"><span class='ocrx_word' id='word_1_169' title='bbox 255 2704 399 2767; x_wconf 90' lang='lat' dir='ltr'>membro</span> <span class='ocrx_word' id='word_1_170' title='bbox 423 2702 558 2766; x_wconf 91' lang='lat' dir='ltr'>omnino</span> <span class='ocrx_word' id='word_1_171' title='bbox 581 2716 710 2766; x_wconf 89' lang='lat' dir='ltr'>mortuo</span> <span class='ocrx_word' id='word_1_172' title='bbox 733 2703 888 2787; x_wconf 85' lang='lat' dir='ltr'>putativo.</span> 
     </span>
    </p>

    <p class='ocr_par' dir='ltr' id='par_1_3' title="bbox 256 2807 1472 3102">
     <span class='ocr_line' id='line_1_23' title="bbox 298 2807 1472 2918; baseline 0.001 -48"><span class='ocrx_word' id='word_1_173' title='bbox 298 2809 350 2870; x_wconf 86' lang='lat' dir='ltr'>Ad</span> <span class='ocrx_word' id='word_1_174' title='bbox 387 2808 521 2872; x_wconf 90' lang='lat' dir='ltr'>tercium</span> <span class='ocrx_word' id='word_1_175' title='bbox 561 2821 693 2891; x_wconf 87' lang='lat' dir='ltr'>negatur</span> <span class='ocrx_word' id='word_1_176' title='bbox 724 2808 765 2871; x_wconf 90' lang='lat' dir='ltr'>ad</span> <span class='ocrx_word' id='word_1_177' title='bbox 797 2829 924 2872; x_wconf 89' lang='lat' dir='ltr'>sensum</span> <span class='ocrx_word' id='word_1_178' title='bbox 961 2808 1115 2894; x_wconf 90' lang='lat' dir='ltr'>scripture</span> <span class='ocrx_word' id='word_1_179' title='bbox 1152 2807 1242 2892; x_wconf 93' lang='lat' dir='ltr'>quod</span> <span class='ocrx_word' id='word_1_180' title='bbox 1251 2820 1472 2918; x_wconf 40' lang='lat' dir='ltr'>Api-essenos</span> 
     </span>
     <span class='ocr_line' id='line_1_24' title="bbox 257 2876 1471 2984; baseline 0.001 -9"><span class='ocrx_word' id='word_1_181' title='bbox 257 2933 369 2976; x_wconf 85' lang='lat' dir='ltr'>omncs</span> <span class='ocrx_word' id='word_1_182' title='bbox 401 2911 550 2976; x_wconf 87' lang='lat' dir='ltr'>homines</span> <span class='ocrx_word' id='word_1_183' title='bbox 573 2926 648 2975; x_wconf 90' lang='lat' dir='ltr'>sunt</span> <span class='ocrx_word' id='word_1_184' title='bbox 670 2911 786 2976; x_wconf 87' lang='lat' dir='ltr'>fideles.</span> <span class='ocrx_word' id='word_1_185' title='bbox 810 2910 1003 2978; x_wconf 89' lang='lat' dir='ltr'>Conceditur</span> <span class='ocrx_word' id='word_1_186' title='bbox 1032 2927 1140 2977; x_wconf 88' lang='lat' dir='ltr'>tamen</span> <span class='ocrx_word' id='word_1_187' title='bbox 1164 2931 1241 2974; x_wconf 90' lang='lat' dir='ltr'>cum</span> <span class='ocrx_word' id='word_1_188' title='bbox 1250 2876 1471 2984; x_wconf 52' lang='lat' dir='ltr'>i‘sn‘p‘fi&#39;ssffl</span> 
     </span>
     <span class='ocr_line' id='line_1_25' title="bbox 256 3011 1350 3102; baseline 0.002 -23"><span class='ocrx_word' id='word_1_189' title='bbox 256 3016 456 3082; x_wconf 85' lang='lat' dir='ltr'>Damasceno</span> <span class='ocrx_word' id='word_1_190' title='bbox 487 3018 577 3102; x_wconf 96' lang='lat' dir='ltr'>quod</span> <span class='ocrx_word' id='word_1_191' title='bbox 608 3017 712 3080; x_wconf 91' lang='lat' dir='ltr'>omnis</span> <span class='ocrx_word' id='word_1_192' title='bbox 743 3017 844 3081; x_wconf 90' lang='lat' dir='ltr'>homo</span> <span class='ocrx_word' id='word_1_193' title='bbox 874 3017 967 3082; x_wconf 88' lang='lat' dir='ltr'>habet</span> <span class='ocrx_word' id='word_1_194' title='bbox 998 3016 1097 3081; x_wconf 89' lang='lat' dir='ltr'>fidem</span> <span class='ocrx_word' id='word_1_195' title='bbox 1128 3017 1241 3081; x_wconf 89' lang='lat' dir='ltr'>saltem</span> <span class='ocrx_word' id='word_1_196' title='bbox 1345 3011 1350 3020; x_wconf 78' lang='grc'>’</span> 
     </span>
    </p>

    <p class='ocr_par' dir='ltr' id='par_1_4' title="bbox 214 3118 1312 3622">
     <span class='ocr_line' id='line_1_26' title="bbox 214 3118 1241 3207; baseline 0.003 -27"><span class='ocrx_word' id='word_1_197' title='bbox 214 3140 244 3192; x_wconf 72' lang='lat'>,5</span> <span class='ocrx_word' id='word_1_198' title='bbox 256 3118 439 3200; x_wconf 75' lang='lat' dir='ltr'>informem,</span> <span class='ocrx_word' id='word_1_199' title='bbox 472 3140 547 3183; x_wconf 86' lang='lat' dir='ltr'>cum</span> <span class='ocrx_word' id='word_1_200' title='bbox 580 3120 760 3185; x_wconf 89' lang='lat' dir='ltr'>naturaliter</span> <span class='ocrx_word' id='word_1_201' title='bbox 785 3122 885 3206; x_wconf 89' lang='lat' dir='ltr'>prims</span> <span class='ocrx_word' id='word_1_202' title='bbox 918 3121 1129 3207; x_wconf 88' lang='lat' dir='ltr'>impressione</span> <span class='ocrx_word' id='word_1_203' title='bbox 1159 3119 1241 3185; x_wconf 88' lang='lat' dir='ltr'>entis</span> 
     </span>
     <span class='ocr_line' id='line_1_27' title="bbox 257 3223 1241 3310; baseline 0.007 -26"><span class='ocrx_word' id='word_1_204' title='bbox 257 3223 421 3306; x_wconf 85' lang='lat' dir='ltr'>cognoscit</span> <span class='ocrx_word' id='word_1_205' title='bbox 449 3225 561 3289; x_wconf 89' lang='lat' dir='ltr'>saltem</span> <span class='ocrx_word' id='word_1_206' title='bbox 589 3223 719 3290; x_wconf 89' lang='lat' dir='ltr'>conluse</span> <span class='ocrx_word' id='word_1_207' title='bbox 746 3225 850 3310; x_wconf 90' lang='lat' dir='ltr'>primo</span> <span class='ocrx_word' id='word_1_208' title='bbox 876 3226 1025 3291; x_wconf 89' lang='lat' dir='ltr'>omnium</span> <span class='ocrx_word' id='word_1_209' title='bbox 1046 3229 1152 3291; x_wconf 89' lang='lat' dir='ltr'>Deum</span> <span class='ocrx_word' id='word_1_210' title='bbox 1174 3245 1241 3290; x_wconf 85' lang='lat' dir='ltr'>esse</span> 
     </span>
     <span class='ocr_line' id='line_1_28' title="bbox 257 3329 1242 3396; baseline 0.002 -6"><span class='ocrx_word' id='word_1_211' title='bbox 257 3341 288 3391; x_wconf 89' lang='lat' dir='ltr'>et</span> <span class='ocrx_word' id='word_1_212' title='bbox 322 3349 454 3392; x_wconf 89' lang='lat' dir='ltr'>omnem</span> <span class='ocrx_word' id='word_1_213' title='bbox 485 3329 655 3394; x_wconf 90' lang='lat' dir='ltr'>articulum</span> <span class='ocrx_word' id='word_1_214' title='bbox 686 3329 767 3396; x_wconf 87' lang='lat' dir='ltr'>fidei.</span> <span class='ocrx_word' id='word_1_215' title='bbox 808 3331 870 3395; x_wconf 93' lang='lat' dir='ltr'>Sed</span> <span class='ocrx_word' id='word_1_216' title='bbox 898 3331 958 3396; x_wconf 85' lang='lat' dir='ltr'>ista</span> <span class='ocrx_word' id='word_1_217' title='bbox 989 3330 1067 3396; x_wconf 88' lang='lat' dir='ltr'>fides</span> <span class='ocrx_word' id='word_1_218' title='bbox 1097 3329 1242 3395; x_wconf 75' lang='lat' dir='ltr'>informis</span> 
     </span>
     <span class='ocr_line' id='line_1_29' title="bbox 256 3431 1312 3527; baseline 0.008 -35"><span class='ocrx_word' id='word_1_219' title='bbox 256 3451 321 3493; x_wconf 91' lang='lat' dir='ltr'>non</span> <span class='ocrx_word' id='word_1_220' title='bbox 350 3431 468 3497; x_wconf 89' lang='lat' dir='ltr'>sulficit</span> <span class='ocrx_word' id='word_1_221' title='bbox 490 3433 696 3497; x_wconf 90' lang='lat' dir='ltr'>denominare</span> <span class='ocrx_word' id='word_1_222' title='bbox 712 3433 877 3498; x_wconf 89' lang='lat' dir='ltr'>hominem</span> <span class='ocrx_word' id='word_1_223' title='bbox 900 3433 1027 3500; x_wconf 91' lang='lat' dir='ltr'>fidelem</span> <span class='ocrx_word' id='word_1_224' title='bbox 1048 3435 1099 3527; x_wconf 55' lang='grc' dir='ltr'>νεὶ</span> <span class='ocrx_word' id='word_1_225' title='bbox 1119 3449 1242 3520; x_wconf 86' lang='lat' dir='ltr'>partem</span> <span class='ocrx_word' id='word_1_226' title='bbox 1309 3506 1312 3510; x_wconf 13' lang='lat'>³</span> 
     </span>
     <span class='ocr_line' id='line_1_30' title="bbox 255 3536 1243 3622; baseline 0.005 -24"><span class='ocrx_word' id='word_1_227' title='bbox 255 3536 394 3616; x_wconf 81' lang='lat' dir='ltr'>ecclesie,</span> <span class='ocrx_word' id='word_1_228' title='bbox 431 3539 486 3601; x_wconf 88' lang='lat' dir='ltr'>sed</span> <span class='ocrx_word' id='word_1_229' title='bbox 520 3552 647 3622; x_wconf 93' lang='lat' dir='ltr'>oportet</span> <span class='ocrx_word' id='word_1_230' title='bbox 678 3539 840 3603; x_wconf 88' lang='lat' dir='ltr'>excludere</span> <span class='ocrx_word' id='word_1_231' title='bbox 868 3561 1001 3604; x_wconf 89' lang='lat' dir='ltr'>omnem</span> <span class='ocrx_word' id='word_1_232' title='bbox 1023 3539 1243 3605; x_wconf 88' lang='lat' dir='ltr'>infidelitatem</span> 
     </span>
    </p>

    <p class='ocr_par' dir='ltr' id='par_1_5' title="bbox 213 3636 1241 3834">
     <span class='ocr_line' id='line_1_31' title="bbox 213 3636 1241 3728; baseline 0.007 -28"><span class='ocrx_word' id='word_1_233' title='bbox 213 3657 246 3710; x_wconf 83' lang='lat'>30</span> <span class='ocrx_word' id='word_1_234' title='bbox 256 3636 392 3706; x_wconf 90' lang='lat' dir='ltr'>finalem.</span> <span class='ocrx_word' id='word_1_235' title='bbox 431 3643 472 3706; x_wconf 86' lang='lat' dir='ltr'>Et</span> <span class='ocrx_word' id='word_1_236' title='bbox 502 3643 542 3707; x_wconf 90' lang='lat' dir='ltr'>de</span> <span class='ocrx_word' id='word_1_237' title='bbox 573 3643 626 3707; x_wconf 91' lang='lat' dir='ltr'>tali</span> <span class='ocrx_word' id='word_1_238' title='bbox 650 3641 733 3707; x_wconf 90' lang='lat' dir='ltr'>fideli</span> <span class='ocrx_word' id='word_1_239' title='bbox 755 3643 898 3728; x_wconf 90' lang='lat' dir='ltr'>loquitur</span> <span class='ocrx_word' id='word_1_240' title='bbox 919 3642 1066 3709; x_wconf 82' lang='lat' dir='ltr'>Christus</span> <span class='ocrx_word' id='word_1_241' title='bbox 1087 3643 1241 3709; x_wconf 79' lang='lat' dir='ltr'>Iohannis</span> 
     </span>
     <span class='ocr_line' id='line_1_32' title="bbox 255 3742 1240 3834; baseline 0.005 -28"><span class='ocrx_word' id='word_1_242' title='bbox 255 3742 299 3806; x_wconf 86' lang='lat' dir='ltr'>X⁰</span> <span class='ocrx_word' id='word_1_243' title='bbox 311 3745 360 3824; x_wconf 88' lang='lat'>28,</span> <span class='ocrx_word' id='word_1_244' title='bbox 383 3747 583 3830; x_wconf 87' lang='lat' dir='ltr'>promittens,</span> <span class='ocrx_word' id='word_1_245' title='bbox 607 3758 641 3811; x_wconf 83' lang='lat' dir='ltr'>ut</span> <span class='ocrx_word' id='word_1_246' title='bbox 662 3750 768 3812; x_wconf 89' lang='lat' dir='ltr'>omnis</span> <span class='ocrx_word' id='word_1_247' title='bbox 789 3750 845 3832; x_wconf 81' lang='lat' dir='ltr'>qni</span> <span class='ocrx_word' id='word_1_248' title='bbox 865 3751 969 3814; x_wconf 85' lang='lat' dir='ltr'>credit</span> <span class='ocrx_word' id='word_1_249' title='bbox 990 3751 1025 3814; x_wconf 84' lang='lat' dir='ltr'>in</span> <span class='ocrx_word' id='word_1_250' title='bbox 1037 3749 1152 3834; x_wconf 81' lang='lat' dir='ltr'>filium</span> <span class='ocrx_word' id='word_1_251' title='bbox 1177 3768 1240 3812; x_wconf 82' lang='lat' dir='ltr'>non</span> 
     </span>
    </p>
   </div>
   <div class='ocr_carea' id='block_1_3' title="bbox 248 3851 1241 3938">
    <p class='ocr_par' dir='ltr' id='par_1_6' title="bbox 248 3851 1241 3938">
     <span class='ocr_line' id='line_1_33' title="bbox 248 3851 1241 3938; baseline 0.003 -26"><span class='ocrx_word' id='word_1_252' title='bbox 248 3860 378 3930; x_wconf 81' lang='lat' dir='ltr'>pereat,</span> <span class='ocrx_word' id='word_1_253' title='bbox 412 3853 525 3937; x_wconf 88' lang='lat' dir='ltr'>supple</span> <span class='ocrx_word' id='word_1_254' title='bbox 552 3866 655 3917; x_wconf 89' lang='lat' dir='ltr'>morte</span> <span class='ocrx_word' id='word_1_255' title='bbox 682 3867 848 3938; x_wconf 77' lang='lat' dir='ltr'>perpetua3</span> <span class='ocrx_word' id='word_1_256' title='bbox 880 3853 932 3918; x_wconf 91' lang='lat' dir='ltr'>ille</span> <span class='ocrx_word' id='word_1_257' title='bbox 958 3868 1068 3918; x_wconf 89' lang='lat' dir='ltr'>autem</span> <span class='ocrx_word' id='word_1_258' title='bbox 1089 3851 1188 3918; x_wconf 88' lang='lat' dir='ltr'>credit</span> <span class='ocrx_word' id='word_1_259' title='bbox 1207 3851 1241 3916; x_wconf 90' lang='lat' dir='ltr'>in</span> 
     </span>
    </p>
   </div>
   <div class='ocr_carea' id='block_1_4' title="bbox 252 4034 1242 4302">
    <p class='ocr_par' dir='ltr' id='par_1_7' title="bbox 252 4034 1242 4302">
     <span class='ocr_line' id='line_1_34' title="bbox 289 4034 1242 4098; baseline 0.002 -17"><span class='ocrx_word' id='word_1_260' title='bbox 289 4034 310 4081; x_wconf 79' lang='grc'>5.</span> <span class='ocrx_word' id='word_1_261' title='bbox 324 4035 342 4080; x_wconf 84' lang='lat' dir='ltr'>B</span> <span class='ocrx_word' id='word_1_262' title='bbox 356 4035 381 4082; x_wconf 88' lang='lat' dir='ltr'>la</span> <span class='ocrx_word' id='word_1_263' title='bbox 396 4050 484 4095; x_wconf 61' lang='lat' dir='ltr'>merga</span> <span class='ocrx_word' id='word_1_264' title='bbox 505 4037 567 4084; x_wconf 81' lang='lat' dir='ltr'>Ecce</span> <span class='ocrx_word' id='word_1_265' title='bbox 586 4039 691 4098; x_wconf 85' lang='lat' dir='ltr'>quinon</span> <span class='ocrx_word' id='word_1_266' title='bbox 711 4046 766 4085; x_wconf 88' lang='lat' dir='ltr'>sunt</span> <span class='ocrx_word' id='word_1_267' title='bbox 784 4041 888 4086; x_wconf 84' lang='lat' dir='ltr'>membra</span> <span class='ocrx_word' id='word_1_268' title='bbox 907 4039 1015 4087; x_wconf 81' lang='lat' dir='ltr'>ecclesie.</span> <span class='ocrx_word' id='word_1_269' title='bbox 1109 4051 1131 4098; x_wconf 82' lang='lat'>7.</span> <span class='ocrx_word' id='word_1_270' title='bbox 1145 4038 1178 4085; x_wconf 70' lang='lat' dir='ltr'>tes</span> <span class='ocrx_word' id='word_1_271' title='bbox 1191 4038 1242 4097; x_wconf 84' lang='lat' dir='ltr'>spel</span> 
     </span>
     <span class='ocr_line' id='line_1_35' title="bbox 253 4105 1240 4168; baseline 0.006 -20"><span class='ocrx_word' id='word_1_272' title='bbox 253 4105 325 4150; x_wconf 84' lang='lat' dir='ltr'>deest.</span> <span class='ocrx_word' id='word_1_273' title='bbox 404 4107 426 4153; x_wconf 85' lang='lat'>8.</span> <span class='ocrx_word' id='word_1_274' title='bbox 442 4109 472 4153; x_wconf 82' lang='lat' dir='ltr'>iis</span> <span class='ocrx_word' id='word_1_275' title='bbox 487 4109 605 4166; x_wconf 85' lang='lat' dir='ltr'>sapiencie</span> <span class='ocrx_word' id='word_1_276' title='bbox 619 4109 643 4155; x_wconf 87' lang='lat' dir='ltr'>ia</span> <span class='ocrx_word' id='word_1_277' title='bbox 657 4108 759 4155; x_wconf 84' lang='lat' dir='ltr'>caritate.</span> <span class='ocrx_word' id='word_1_278' title='bbox 829 4109 863 4155; x_wconf 78' lang='lat'>1⁶.</span> <span class='ocrx_word' id='word_1_279' title='bbox 877 4110 924 4155; x_wconf 81' lang='grc' dir='ltr'>ΑΒ</span> <span class='ocrx_word' id='word_1_280' title='bbox 938 4110 962 4156; x_wconf 86' lang='lat' dir='ltr'>io</span> <span class='ocrx_word' id='word_1_281' title='bbox 977 4122 1067 4168; x_wconf 61' lang='lat' dir='ltr'>marga</span> <span class='ocrx_word' id='word_1_282' title='bbox 1085 4109 1240 4166; x_wconf 69' lang='lat' dir='ltr'>Augustinus.</span> 
     </span>
     <span class='ocr_line' id='line_1_36' title="bbox 252 4176 1241 4239; baseline 0.009 -22"><span class='ocrx_word' id='word_1_283' title='bbox 252 4184 285 4219; x_wconf 79' lang='lat' dir='ltr'>aa.</span> <span class='ocrx_word' id='word_1_284' title='bbox 299 4177 320 4221; x_wconf 86' lang='grc' dir='ltr'><strong>Α</strong></span> <span class='ocrx_word' id='word_1_285' title='bbox 335 4176 358 4222; x_wconf 88' lang='lat' dir='ltr'>ia</span> <span class='ocrx_word' id='word_1_286' title='bbox 373 4191 461 4235; x_wconf 68' lang='lat' dir='ltr'>merge</span> <span class='ocrx_word' id='word_1_287' title='bbox 475 4177 536 4224; x_wconf 80' lang='lat' dir='ltr'>Nota</span> <span class='ocrx_word' id='word_1_288' title='bbox 549 4178 619 4225; x_wconf 81' lang='lat' dir='ltr'>fidem</span> <span class='ocrx_word' id='word_1_289' title='bbox 634 4180 846 4237; x_wconf 82' lang='lat' dir='ltr'>predestinatorum</span> <span class='ocrx_word' id='word_1_290' title='bbox 856 4186 878 4225; x_wconf 89' lang='lat' dir='ltr'>et</span> <span class='ocrx_word' id='word_1_291' title='bbox 887 4180 1053 4239; x_wconf 84' lang='lat' dir='ltr'>prescitorum.</span> <span class='ocrx_word' id='word_1_292' title='bbox 1114 4177 1241 4234; x_wconf 59' lang='lat' dir='ltr'>wABla</span> 
     </span>
     <span class='ocr_line' id='line_1_37' title="bbox 252 4245 1209 4302; baseline 0.01 -14"><span class='ocrx_word' id='word_1_293' title='bbox 252 4245 517 4302; x_wconf 64' lang='lat' dir='ltr'>margsilamssceuus.</span> <span class='ocrx_word' id='word_1_294' title='bbox 595 4249 628 4295; x_wconf 77' lang='lat' dir='ltr'>ss.</span> <span class='ocrx_word' id='word_1_295' title='bbox 643 4248 733 4296; x_wconf 74' lang='lat' dir='ltr'>codd:</span> <span class='ocrx_word' id='word_1_296' title='bbox 747 4249 783 4294; x_wconf 81' lang='lat' dir='ltr'>rei</span> <span class='ocrx_word' id='word_1_297' title='bbox 798 4247 929 4296; x_wconf 70' lang='lat' dir='ltr'>tatanem</span> <span class='ocrx_word' id='word_1_298' title='bbox 1207 4261 1209 4265; x_wconf 60' lang='lat'><em>⁴</em></span> 
     </span>
    </p>
   </div>
   <div class='ocr_carea' id='block_1_5' title="bbox 304 4346 961 4463">
    <p class='ocr_par' dir='ltr' id='par_1_8' title="bbox 304 4346 961 4463">
     <span class='ocr_line' id='line_1_38' title="bbox 304 4346 961 4463; baseline 0.012 -24"><span class='ocrx_word' id='word_1_299' title='bbox 304 4403 345 4454; x_wconf 77' lang='lat'>²4·</span> <span class='ocrx_word' id='word_1_300' title='bbox 363 4389 405 4443; x_wconf 82' lang='lat' dir='ltr'>Cl.</span> <span class='ocrx_word' id='word_1_301' title='bbox 424 4390 463 4442; x_wconf 85' lang='lat' dir='ltr'>De</span> <span class='ocrx_word' id='word_1_302' title='bbox 481 4388 535 4443; x_wconf 90' lang='lat' dir='ltr'>tide</span> <span class='ocrx_word' id='word_1_303' title='bbox 553 4346 702 4445; x_wconf 84' lang='lat' dir='ltr'>orthodoxa</span> <span class='ocrx_word' id='word_1_304' title='bbox 719 4391 764 4445; x_wconf 83' lang='lat' dir='ltr'>lib.</span> <span class='ocrx_word' id='word_1_305' title='bbox 782 4392 828 4457; x_wconf 85' lang='lat' dir='ltr'>lV,</span> <span class='ocrx_word' id='word_1_306' title='bbox 844 4407 902 4463; x_wconf 82' lang='lat' dir='ltr'>cap.</span> <span class='ocrx_word' id='word_1_307' title='bbox 918 4392 961 4447; x_wconf 80' lang='lat' dir='ltr'>tt</span> 
     </span>
    </p>
   </div>
   <div class='ocr_carea' id='block_1_6' title="bbox 0 0 1636 5221">
    <p class='ocr_par' dir='ltr' id='par_1_9' title="bbox 0 0 1636 5221">
     <span class='ocr_line' id='line_1_39' title="bbox 0 0 1636 5221; baseline 0 0"><span class='ocrx_word' id='word_1_308' title='bbox 0 0 1636 5221; x_wconf 95' lang='lat' dir='ltr'> </span> 
     </span>
    </p>
   </div>
   <div class='ocr_carea' id='block_1_7' title="bbox 1628 4676 1633 5213">
    <p class='ocr_par' dir='ltr' id='par_1_10' title="bbox 1628 4676 1633 5213">
     <span class='ocr_line' id='line_1_40' title="bbox 1628 4676 1633 5213; baseline 0 0"><span class='ocrx_word' id='word_1_309' title='bbox 1628 4676 1633 5213; x_wconf 95' lang='lat' dir='ltr'> </span> 
     </span>
    </p>
   </div>
  </div>
 </body>
</html>
