3262 5226
679 509 847 584 sommis
865 529 1012 582 wrcen.
1194 503 1343 596 [canum

371 694 601 758 omnebonum
621 687 749 775 profluit
763 707 880 772 sponse
896 684 1025 764 Christi,
1048 697 1078 748 et
1093 697 1129 746 ut
1147 681 1192 746 sic
1214 680 1345 746 offendit
1357 698 1415 751 151·
1430 697 1456 751 r

371 797 402 860 in
435 811 535 862 totam
566 793 738 874 ecclesiam,
759 791 834 879 quia
857 803 966 855 contra
987 787 1050 851 hoc
1072 787 1260 850 mandatum
1286 786 1343 849 do·

372 901 463 965 mini:
490 900 562 964 Non
589 898 727 982 loqueris
749 907 865 961 eontra
888 895 1079 978 proximum
1109 902 1197 955 tuum
1210 891 1343 976 salsum

372 1006 594 1081 testimonium,
617 1003 717 1066 Exod.
739 1003 823 1084 XX0,
857 1003 904 1082 16,
926 998 1091 1063 iniuriatur
1113 1012 1149 1062 ut
1171 997 1215 1059 sic
1238 1009 1345 1059 sancte

370 1109 460 1173 matri
476 1107 615 1173 ecclesie:
636 1105 709 1169 ideo
724 1106 804 1170 absit
820 1104 984 1169 ecclesiam
1000 1117 1143 1187 expetere
1158 1100 1368 1170 huiusmodi5

370 1228 536 1279 oratorem.
556 1213 637 1275 Nam
652 1211 827 1275 secundum
842 1208 1061 1293 Augustinum
1076 1227 1171 1290 super
1179 1204 1343 1268 Psalmum

370 1320 455 1383 Vm:
487 1317 522 1382 Si
550 1317 609 1380 lroc
630 1316 750 1381 dicitur
770 1315 858 1399 quod
879 1323 938 1396 est,
965 1333 1077 1378 nerum
1100 1313 1231 1393 dicitur,
1255 1324 1286 1375 et
1308 1323 1344 1375 ut

369 1422 413 1486 sic
443 1422 483 1484 nd
513 1441 587 1484 eum
608 1419 662 1505 qui
685 1433 731 1484 est
753 1420 924 1500 acceditur;
955 1419 986 1482 si
1007 1428 1113 1482 autem
1137 1417 1197 1480 lroc
1223 1416 1345 1480 dicitur

369 1527 454 1610 quod
474 1533 619 1607 nonest,
645 1525 846 1588 mendacium
864 1523 910 1608 fit
937 1538 969 1587 et
990 1544 1009 1586 a
1030 1522 1157 1586 veritate
1180 1520 1343 1586 receditur.

369 1630 446 1694 Ideo
475 1630 551 1693 dicit
576 1630 754 1714 propheta:
788 1629 905 1694 Perdes
928 1649 1041 1693 orrrnes
1055 1624 1073 1663 *
1089 1629 1144 1713 qui
1167 1629 1344 1712 loquuntur
1357 1635 1417 1691 151⁴

369 1735 581 1800 mendacium.
618 1735 708 1800 Unde
740 1755 781 1799 ne
811 1734 883 1819 quis
914 1733 1078 1797 arbitretur
1109 1732 1284 1818 perlectum
1313 1746 1344 1796 et

369 1839 559 1923 spiritualem
581 1837 743 1902 hominem
767 1859 824 1922 pro
846 1832 904 1903 ista
925 1838 1090 1922 temporali
1113 1837 1231 1901 vitain
1254 1836 1343 1901 cuius

370 1957 470 2008 morte
489 1963 553 2007 non
568 1941 720 2007 occiditur
729 1943 844 2024 a'nima,
855 1942 920 2006 sive
935 1964 991 2006 sua
1007 1942 1071 2005 sive
1085 1942 1221 2024 alterius,
1232 1943 1344 2006 debere

369 2046 503 2129 mentiri,
528 2068 591 2111 non
615 2046 761 2111 inmerito
783 2047 816 2110 io
843 2047 906 2110 alio
934 2048 1007 2112 loco
1030 2046 1182 2131 scriptum
1204 2061 1266 2112 est:
1299 2044 1344 2111 Os

370 2152 455 2237 quod
477 2154 628 2216 mentitur
649 2152 763 2215 occidit
784 2153 940 2216 antimum.
1358 2162 1386 2217 ι5

411 2257 458 2320 Ex
469 2277 534 2342 quo
542 2270 628 2341 patet
639 2258 725 2341 quod
735 2278 794 2340 pro
803 2271 870 2321 tota
882 2244 1049 2320 universali
1059 2257 1187 2320 ecclesia
1197 2257 1344 2321 salvanda
1354 2268 1383 2323 G

369 2361 474 2425 nullus
495 2362 617 2445 sapiens
634 2361 826 2443 mentiretur,
849 2383 925 2425 nam
941 2382 1016 2425 cum
1031 2383 1127 2425 omne
1143 2363 1345 2427 mendacium

368 2464 407 2529 sit
421 2480 585 2550 peccatum
605 2481 711 2530 contra
726 2481 881 2547 naturam,
905 2487 944 2530 eo
960 2467 1049 2551 quod
1064 2480 1130 2530 tota
1153 2481 1264 2554 natura
1287 2466 1346 2533 luit

369 2590 447 2654 pure
467 2569 500 2633 in
522 2571 647 2635 veritate
662 2571 729 2634 sine
745 2571 910 2635 mendacio
933 2570 1080 2656 primitus
1100 2571 1252 2651 instituta,
1274 2573 1346 2657 quis

190 2680 236 2725 aaa
249 2680 324 2725 *Μῦν
391 2688 547 2739 recuraret
577 2695 614 2738 ro
629 2676 715 2739 bono
730 2674 856 2739 ecclesie
890 2697 923 2738 er
931 2675 1026 2739 verba
1036 2671 1215 2739 mendacin?
1230 2678 1367 2742 Nonnet

140 2732 350 2892 ’ῠῖξίἷῖξὲΞὲἒά
368 2696 489 2842 domini
504 2697 654 2844 seciilares
670 2780 830 2844 audientes
840 2698 927 2864 (15οά
938 2800 995 2864 per
1004 2780 1120 2862 dogma
1130 2779 1255 2858 falsum,
1271 2782 1346 2866 quia

316 2869 323 2883 ⁸
367 2904 423 2966 per
444 2883 652 2964 mendacium,
673 2883 713 2948 sit
734 2883 933 2968 privilegium
957 2883 1084 2947 ecclesie
1099 2882 1346 2966 defendendum,

367 3008 403 3051 ex
432 2988 561 3050 naturali
590 2988 708 3051 lumine
736 2987 843 3052 statim
871 2989 1094 3052 convincerent
1121 2991 1210 3074 quod
1240 3005 1345 3054 totum

368 3092 564 3176 priuilegium
587 3092 625 3156 sit
649 3094 783 3157 mendax
806 3109 837 3158 et
861 3093 1010 3156 frivolum
1042 3094 1129 3178 quod
1161 3094 1280 3178 indiget
1302 3096 1345 3160 sic

368 3196 466 3260 fulciri
491 3193 677 3261 mendaciis?
708 3199 822 3262 Nonne
855 3199 971 3261 iterum
994 3199 1156 3262 audientes
1180 3201 1374 3264 doctorem2

367 3301 494 3365 ecclesie
515 3302 726 3385 dogmatizare
756 3303 882 3386 publice
917 3305 1006 3388 quod
1030 3304 1189 3387 privilegia
1216 3304 1343 3368 ecclesie

366 3418 440 3467 sunt
471 3425 525 3489 per
552 3408 712 3469 mendacia
735 3407 930 3491 inpetranda,
962 3408 1195 3492 suspicarentur
1228 3411 1343 3493 proba·

367 3509 469 3572 biliter
500 3511 586 3594 quod
622 3525 687 3574 tota
728 3512 887 3596 suggestio
922 3534 986 3597 qua
1017 3513 1224 3596 impetrantur
1259 3516 1344 3576 bona

367 3613 495 3676 ecclesie
517 3614 556 3677 sit
579 3617 711 3678 mendax
734 3630 764 3679 et
788 3616 874 3696 salsa,
903 3631 934 3680 et
955 3639 1013 3701 per
1036 3639 1245 3702 consequens,
1272 3638 1343 3680 om·

367 3718 419 3781 niu
450 3718 502 3780 illa
532 3718 615 3782 bona
646 3717 749 3782 lorent
782 3741 818 3782 ex
851 3719 975 3784 delectu
1000 3719 1195 3786 fundamenti
1227 3720 1389 3784 stabilis3o

366 3817 552 3885 aulerenda?
585 3824 698 3888 Nonne
721 3823 817 3887 tercio
840 3825 969 3888 credens
992 3826 1155 3889 ecclesiam
1178 3827 1222 3888 sic
1250 3824 1376 3909 oriri-³

405 4008 429 4052 6.
447 4008 469 4053 Α
481 4007 504 4053 ln
519 4020 604 4065 marga
623 4011 776 4066 Augustinus.
881 4011 903 4056 8.
918 4013 980 4068 Aug.
995 4012 1010 4056 Ι.
1026 4024 1059 4056 c.:
1079 4012 1105 4056 Si
1124 4011 1187 4056 enirn
1202 4013 1247 4055 lroc
1262 4011 1346 4054 dicitur

366 4078 430 4135 quod
444 4086 487 4136 est,
504 4091 584 4123 verum
598 4079 689 4136 dicitnr,
710 4080 730 4124 si
745 4088 821 4125 autem
837 4082 881 4125 hoc
895 4082 981 4126 dicitur
994 4083 1056 4139 quod
1072 4093 1119 4126 nou
1134 4089 1177 4137 est,
1196 4080 1344 4125 mendacium

366 4154 410 4192 est.
512 4145 545 4192 23.
560 4147 598 4191 lin
617 4161 645 4192 ex
659 4156 740 4193 natura
756 4149 852 4196 lumine.
958 4150 992 4195 23.
1008 4152 1038 4194 lta
1056 4149 1215 4196 convinceret.
1237 4147 1345 4193 Rectinae

365 4215 565 4262 convincerentur.
932 4222 934 4226 “

409 4374 434 4426 7.
456 4358 521 4426 Aug
545 4361 562 4411 Ι.
587 4375 609 4411 c.
635 4359 705 4429 Opp.
726 4361 770 4428 lv,
802 4379 829 4431 p.
854 4362 873 4429 Ι,
895 4379 922 4431 p.
945 4362 983 4413 18.
1088 4378 1113 4430 9.
1141 4361 1239 4412 Pselm.
1268 4361 1299 4426 V,
1322 4378 1346 4428 7.

370 4441 407 4495 16.
427 4445 487 4513 Sep.
504 4445 524 4514 l,
544 4462 583 4499 tt.
861 4442 865 4449 ⁴
1131 4470 1140 4490 ·
