3262 5226
803 436 974 490 Jonannrs
993 436 1140 490 wreus.
1326 410 1479 504 [canna.

531 595 623 659 Unde
645 593 678 656 in
701 606 789 658 textu
812 593 973 675 originalis
996 592 1077 656 beati
1109 588 1279 674 Augustini
1300 587 1405 651 inveni
1429 588 1581 657 sicima

487 697 655 782 scripturn:
687 699 752 762 ista
774 717 838 761 non
875 717 923 781 re,
953 696 1013 762 sed
1037 695 1146 762 indole
1172 694 1363 758 laudantur.
1408 694 1473 757 Nec

486 802 622 866 dubium
652 800 733 886 quin
770 801 813 866 sic
852 802 969 866 habent
1006 800 1075 864 libri
1113 799 1254 881 correcti,
1291 812 1361 862 turn
1397 797 1471 883 quie

486 926 622 990 magnus
652 905 706 969 ille
739 907 853 970 doctor
883 907 994 970 Petrus
1026 905 1197 970 Comestor
1222 903 1361 967 intitulat
1387 902 1470 987 capi-

485 1010 589 1073 tulum
612 1030 709 1074 suum
736 1010 789 1075 De
815 1009 924 1074 indole
946 1008 1164 1090 obstetricum,
1195 1022 1227 1072 et
1257 1008 1300 1070 sic
1331 1007 1497 1092 loquiturs

485 1128 612 1178 sanctus
623 1115 769 1179 Thomas
784 1115 921 1179 secunda
941 1114 1079 1178 secunde
1093 1134 1124 1198 q.
1135 1111 1223 1193 CX¹¹3
1247 1127 1315 1176 turn
1330 1113 1471 1176 secundo

484 1217 561 1303 quia
582 1233 659 1283 tunc
681 1232 785 1283 textus
811 1219 984 1303 Augustini
1008 1219 1125 1282 diceret
1147 1237 1212 1280 non
1236 1216 1268 1279 in
1290 1237 1333 1299 re,
1360 1217 1469 1280 sedin

484 1323 562 1386 dolo
576 1323 756 1407 laudantur,
779 1343 864 1387 nune
879 1337 988 1387 autem
1010 1323 1124 1386 dicitur
1138 1341 1203 1386 non
1219 1343 1267 1404 re,
1289 1321 1350 1385 scd
1364 1322 1472 1385 indole

484 1427 684 1506 laudantur,·
713 1442 783 1492 turn
806 1428 905 1493 tercio
928 1427 1005 1513 quia
1035 1428 1111 1492 dato
1138 1426 1201 1491 boc
1222 1441 1309 1491 textu
1333 1426 1377 1491 sic
1400 1448 1469 1510 per·

483 1552 575 1596 verso
606 1531 711 1597 adhuc
744 1532 859 1597 militat
882 1532 913 1596 in
938 1532 1127 1617 oppositum
1154 1531 1368 1616 pervertentis,
1396 1551 1513 1618 cumro

483 1648 587 1701 textus
619 1636 697 1702 dicit
732 1638 821 1723 quod
859 1658 925 1702 non
965 1637 1135 1701 laudantur
1165 1657 1208 1701 re.
1259 1635 1391 1701 Certum
1422 1651 1470 1702 est

483 1755 591 1804 temen
622 1743 712 1827 quod
744 1741 832 1805 inre
860 1740 1002 1805 lecerunt
1033 1742 1157 1805 bonurn
1179 1761 1262 1824 opus
1285 1741 1323 1803 de
1345 1761 1469 1824 genere,

481 1847 571 1930 quod
594 1845 704 1911 luisset
725 1845 917 1928 virtuosum,
939 1845 966 1908 si
988 1844 1098 1909 luisset
1113 1866 1179 1909 non
1203 1844 1355 1909 iniectum
1378 1866 1467 1908 men·

481 1951 583 2014 dacio.
621 1950 715 2015 Unde
747 1965 874 2015 econtra
906 1963 953 2014 est
990 1951 1150 2015 sentencia
1177 1949 1346 2034 Augustini
1379 1951 1469 2034 quod

480 2054 662 2120 obstetrices
687 2054 859 2120 laudantur
880 2056 913 2119 in
944 2076 977 2120 re
1000 2055 1049 2119 vel
1072 2075 1179 2140 opere,
1211 2076 1276 2118 non
1300 2069 1409 2120 autern
1436 2055 1467 2118 in
1483 2065 1511 2119 ι5

481 2159 559 2223 dolo
587 2180 654 2245 quo
676 2180 785 2246 regem
805 2159 1002 2225 mendaciter
1024 2160 1210 2225 fefellerunt.
1247 2161 1340 2225 Unde
1362 2160 1468 2224 inveni

479 2263 513 2328 in
545 2264 688 2348 margine
711 2265 873 2349 originalis
904 2266 987 2330 beati
1018 2264 1189 2349 Augustini
1217 2264 1261 2329 sic
1299 2264 1467 2349 scriptum:

479 2369 621 2434 indolem
654 2381 747 2435 rocat
766 2370 975 2457 profectum
995 2367 1016 2414 *
1036 2372 1121 2434 sicut
1151 2373 1237 2435 enirn
1275 2379 1323 2435 est
1353 2384 1540 2454 corpe-151·

479 2475 565 2539 ralis
586 2475 713 2541 indoles
727 2477 946 2559 corporaliter
962 2476 1193 2557 crescencium,
1213 2477 1259 2539 sic
1273 2460 1323 2539 est
1337 2477 1468 2560 spiritu·

480 2580 545 2644 alr's
575 2579 701 2646 indoles
733 2581 952 2663 spiritualiter
977 2580 1237 2665 proficiendum.
1281 2579 1360 2645 Vult
1394 2602 1512 2667 ergoao

259 2701 396 2755 mantne
410 2703 470 2748 aaa
479 2684 680 2771 Augustinus
703 2685 806 2750 dicere
830 2687 918 2769 quod
941 2685 1001 2750 ista
1022 2685 1116 2750 verba
1135 2684 1300 2750 mendacia
1323 2687 1468 2752 obstetri-

269 2754 463 2867 Eiifliiiiumile‘-
480 2810 556 2854 cum
588 2810 652 2854 non
677 2789 847 2855 laudantur
878 2791 911 2853 in
934 2810 967 2854 re
990 2790 1156 2866 mendacii,
1191 2791 1246 2853 sed
1268 2789 1301 2853 in
1323 2790 1469 2875 proiectu

258 2870 334 2903 m
350 2858 531 2956 torturam
555 2892 658 2959 lructu
680 2894 736 2979 qui
759 2895 871 2958 exinde
894 2895 1040 2979 provenit
1063 2895 1235 2960 crescencie
1258 2895 1469 2962 Hebreorum.

480 2999 537 3062 Est
560 3019 634 3083 ergo
658 2999 818 3064 sentencia
846 2999 1018 3084 Augustini
1050 3001 1139 3083 quod
1161 3000 1249 3064 Deus
1272 3020 1337 3063 non
1361 3015 1470 3084 posset

480 3100 581 3166 sinere
612 3117 780 3187 peccatum
811 3103 888 3181 fieri,
922 3104 980 3167 nisi
1010 3104 1121 3168 exinde
1143 3104 1267 3168 bonum
1290 3106 1512 3189 proveniat325

479 3207 566 3270 unde
590 3223 721 3292 propter
742 3210 865 3272 bonurn
889 3209 1002 3273 exinde
1024 3208 1262 3272 occasionaliter
1282 3210 1470 3293 proveniens

479 3326 612 3375 vocatur
635 3328 803 3396 peccatum
825 3314 895 3377 Ade
917 3335 935 3377 a
958 3314 1052 3377 beato
1080 3313 1234 3398 Gregorio
1259 3316 1468 3380 necessarium

480 3428 576 3500 atque
600 3416 682 3482 felix.
716 3419 756 3481 Et
787 3417 902 3482 dicitur
924 3440 942 3480 a
965 3419 1059 3482 beato
1079 3418 1262 3502 Augustino
1285 3421 1469 3503 expediens3

479 3520 565 3583 unde
575 3521 675 3602 xiva,
686 3522 733 3584 Dc
746 3521 880 3586 Ciuitate
890 3522 959 3602 Dei,
971 3543 1038 3606 cap.
1051 3522 1150 3607 xl110,
1161 3524 1205 3587 sic
1217 3523 1339 3589 scribit:
1355 3526 1468 3590 Audeo

479 3625 586 3691 dicere
613 3614 764 3710 superbis
795 3646 865 3691 esse
898 3628 977 3691 utile
999 3629 1117 3694 cadere
1145 3632 1178 3694 in
1211 3630 1346 3714 aliquod
1372 3651 1467 3713 aper·
1479 3637 1513 3690 30

478 3742 546 3794 turn
572 3733 844 3819 manifestumque
866 3745 1052 3815 peccatum,
1076 3735 1162 3799 unde
1192 3736 1254 3800 sibi
1275 3736 1470 3819 displiceant

479 3837 536 3919 qni
572 3838 637 3900 iarn
675 3837 737 3900 sibi
753 3839 918 3922 placendo
950 3837 1143 3904 ceciderant.
1178 3840 1351 3907 Salubrius
1382 3842 1467 3906 enirn

520 4055 542 4100 8.
551 4068 573 4114 9.
585 4056 615 4101 lle
626 4059 863 4105 nunc-leudantnrr
873 4061 946 4106 deest
1021 4062 1056 4109 lo·
1068 4063 1119 4109 Ala
1129 4075 1218 4120 marga
1227 4062 1289 4110 Nota
1299 4063 1468 4124 Angustinnrn,

479 4125 544 4182 qaod
563 4126 619 4172 anta
640 4135 676 4173 est
698 4127 722 4176 ln
742 4141 800 4175 cesa
821 4141 929 4187 peceare.

527 4266 549 4301 r.
563 4254 630 4319 Aug.
639 4263 667 4304 ut
677 4268 765 4322 supra,
774 4255 846 4324 Opp.
855 4267 920 4306 tom.
931 4258 976 4321 lV,
985 4274 1011 4326 p.
1020 4258 1059 4311 re.
1111 4260 1136 4312 6.
1146 4259 1265 4313 Thornax
1276 4261 1468 4330 cleopater.
1561 4271 1564 4277 '

481 4334 574 4391 l’enet
589 4341 740 4407 1774trom.
755 4343 797 4404 lV,
816 4358 842 4410 p.
853 4342 894 4393 30.
950 4361 991 4414 πᾳ
1010 4348 1075 4415 Aug.
1085 4347 1103 4398 l.
1112 4361 1135 4401 e.
1146 4347 1216 4416 Opp.
1229 4348 1281 4411 Vll,
1299 4364 1359 4418 pag.
1373 4347 1423 4402 366
1436 4352 1468 4404 t.
