3262 5226
477 258 510 289 ’·
607 318 613 329 ·
679 290 1016 349 memmerunt.
1187 266 1348 363 [canaan

366 450 421 539 qai
442 450 617 539 privilegiat
636 448 714 517 citra
726 444 852 517 nant
873 448 980 515 Luem
992 448 1080 515 enim
1099 468 1120 513 a
1140 446 1349 513 similitudine
1359 459 1422 518 sou·
1435 462 1464 519 r

366 576 405 621 ea
424 556 495 641 κιο
513 552 611 621 reteri
631 552 695 621 boc
715 573 782 621 non
804 554 902 643 petit;
927 566 991 621 stet
1010 551 1112 618 bomo
1132 552 1167 617 in
1193 549 1348 631 limitibus

367 658 521 747 privilegii
556 656 653 725 unius
688 678 825 745 persons
855 673 889 726 ct
916 672 996 724 tunc
1030 655 1158 722 limitari
1200 654 1350 722 convenit

366 762 507 851 rqimeu
536 762 671 851 plenum
699 762 785 829 illius
814 760 970 849 privil&
991 762 1033 827 ad
1058 760 1147 826 illam
1176 780 1348 847 pesonam

366 866 565 955 singulariter
583 866 823 933 concedentem.
1359 879 1375 935 s
1402 862 1406 869 '

158 980 354 1086 &55¹¹ss
410 970 526 1039 'le'tcio
552 984 679 1039 notaret
697 970 742 1039 aie
762 990 899 1059 arguam
920 970 1086 1059 quomodo
1107 970 1211 1037 clerus
1237 970 1350 1037 vetefis
1431 954 1464 1031 .’

171 1066 341 1137 menon
367 1076 559 1161 testamenti,
588 1076 720 1165 quando
747 1076 827 1144 vixit
847 1075 1022 1160 carnaliter,
1048 1074 1204 1141 limitatus
1225 1088 1273 1141 eat
1293 1096 1352 1162 per

164 1138 347 1243 'merebam
367 1182 473 1247 Deum
501 1180 570 1247 sinc
594 1180 796 1248 solicitufflne
826 1180 907 1247 circa
938 1195 1112 1268 proventus
1136 1181 1186 1246 vel
1209 1180 1351 1247 redditus

367 1284 545 1371 adquisitos
565 1284 616 1350 vel
637 1286 730 1350 alatos
742 1284 941 1369 humanitus,
964 1284 1100 1373 quidde
1119 1284 1379 1369 obhcionibuan

369 1388 520 1475 primiciis
547 1389 598 1455 rel
620 1388 695 1455 loco
715 1390 756 1455 ad
776 1388 1019 1457 inhabitantium
1041 1389 1202 1477 percipiet,
1229 1404 1351 1477 quanto
1362 1421 1396 1460 ιο

368 1492 472 1579 magia
506 1494 609 1561 clerua
650 1492 821 1580 spiritualia
859 1493 979 1561 Christi
1014 1494 1163 1581 pauperis
1198 1509 1230 1561 et
1260 1495 1352 1581 egeni

354 1597 550 1683 ,exundaret
573 1618 609 1665 ae
635 1596 777 1665 sttlcclua
796 1619 817 1664 a
839 1596 1055 1665 mundialibus
1076 1600 1115 1663 de
1140 1598 1299 1665 alimentis
1321 1614 1353 1667 et
1450 1612 1453 1617 ’
1588 1658 1598 1676 ,

372 1702 564 1789 tegumentis
589 1703 766 1769 secundans
787 1704 931 1789 regulm
952 1704 1102 1791 Apostoli
1124 1704 1154 1768 1⁰
1180 1702 1268 1771 lim.
1291 1704 1351 1770 Vl⁰

371 1802 589 1875 contentatur?
598 1808 683 1873 Nam
692 1806 1129 1893 &aulonitana-30,
1139 1808 1182 1874 sic
1194 1808 1353 1875 scribitur:

372 1912 446 1977 Non
468 1912 533 1978 erit
552 1922 659 1979 autent
680 1912 907 1979 sacerdotibus
919 1912 1094 1997 hereditas,
1109 1933 1172 1999 ego
1186 1912 1354 1979 aereattas
1365 1927 1397 1983 rs

369 2036 496 2085 eorum,
538 2016 583 2083 Et
607 2018 833 2102 possessiones
863 2036 928 2083 non
959 2017 1078 2083 dabitis
1107 2018 1212 2083 eisin
1234 2011 1353 2096 lsrael,

369 2141 434 2208 ego
455 2122 541 2187 enim
557 2121 726 2207 possessio
744 2140 871 2189 eorum.
898 2122 1065 2189 Vectimanr
1084 2131 1117 2189 at
1132 2141 1200 2208 pro
1217 2132 1354 2207 peccam

370 2236 403 2293 et
417 2244 485 2310 pro
505 2225 620 2292 delicto
643 2226 707 2312 ipsi
727 2214 897 2293 comedent
910 2236 944 2293 et
957 2246 1053 2292 omae
1071 2232 1179 2293 rotam
1195 2228 1231 2294 irr
1246 2226 1355 2294 lsrael

371 2338 518 2416 ipsoram
547 2330 621 2396 erit.
658 2330 704 2396 Et
727 2332 900 2416 primitiva
930 2332 1075 2397 omniunt
1101 2350 1263 2416 pacorum
1279 2334 1354 2418 pri·

373 2435 610 2521 mogenr‘torasnr
641 2445 674 2501 et
704 2436 814 2501 omnia
846 2436 1023 2503 libamenta
1049 2456 1093 2503 ex
1119 2438 1270 2504 omnibus
1290 2456 1398 2523 queso

266 2546 274 2569 '
370 2538 514 2626 offerant
533 2541 741 2606 sacerdotum
763 2551 871 2608 erant.

182 2667 253 2715 atses
268 2677 334 2715 nen
415 2645 602 2711 Habuerunt
622 2659 731 2711 autem
751 2644 823 2711 loca
844 2666 904 2731 pro
926 2644 1158 2713 inhabitatione
1180 2662 1213 2714 et
1233 2646 1393 2716 alendiso

157 2720 278 2832 new
284 2722 363 2817 &nter
371 2750 538 2837 pecoribus
553 2748 604 2838 (ut
618 2762 705 2835 patet
716 2750 812 2815 lasne
822 2750 913 2815 xxu
922 2764 954 2816 ct
967 2748 1107 2838 ultimo).
1117 2750 1151 2816 Si
1166 2772 1242 2837 crgo
1254 2753 1354 2816 clerus

157 2834 323 2924 '‘libii''
329 2824 363 2911 Ρ
372 2854 524 2920 Αιτοηίῑι
536 2866 603 2918 tam
618 2853 759 2937 coendia,
773 2867 841 2919 tam
850 2853 1007 2920 laboriose
1021 2854 1163 2919 solicitus
1173 2854 1254 2919 circa
1269 2876 1353 2920 cere·

218 2928 299 2975 ttnesa
373 2950 871 3043 moniaslcgiasuetamlimitate
884 2957 1397 3042 etstrictehabuittcmporalio,25

373 3079 493 3151 quanto
508 3064 608 3149 magis
623 3064 724 3129 clerus
740 3062 856 3128 Cbrlati
872 3062 925 3150 qui
942 3064 1088 3148 exemplo
1103 3062 1355 3128 conversacionis

374 3182 405 3233 et
426 3168 522 3234 verbo
544 3168 769 3255 predicacionis
791 3168 902 3234 docuit
916 3168 1076 3234 mundum
1098 3166 1275 3254 relinquere
1288 3167 1309 3213 *
1324 3181 1429 3256 ct169·

373 3275 589 3339 conversando
619 3273 651 3339 in
674 3274 840 3340 celestibus
862 3274 904 3338 ad
934 3293 1048 3338 corum
1075 3271 1355 3337 annichilatlonom

374 3378 470 3443 laicos
493 3374 642 3443 edocere?
680 3380 721 3444 Et
742 3380 800 3443 hec
822 3379 907 3442 racio
929 3376 1007 3462 legis
1023 3376 1091 3454 uei,
1114 3375 1354 3441 Deuteronomii

374 3483 501 3565 xvuu,
527 3502 554 3565 t,
576 3503 671 3569 quaro
693 3482 826 3569 precipit
848 3483 972 3568 populo
988 3482 1047 3544 sub
1062 3480 1121 3545 hiis
1137 3481 1254 3546 verbis:
1279 3481 1399 3553 Nostro

374 3587 532 3651 habebunt
553 3586 740 3671 sacerdotes
761 3597 791 3652 et
813 3588 925 3651 Lenito
940 3599 971 3651 et
986 3605 1097 3651 ornnes
1112 3587 1168 3671 qai
1183 3585 1224 3651 de
1239 3584 1353 3649 eadem

373 3690 460 3756 tribu
473 3702 550 3757 sunt
566 3703 695 3776 portem
719 3703 751 3757 et
770 3690 978 3756 hereditatem
996 3710 1068 3754 erem
1088 3690 1213 3774 reliquo
1230 3690 1355 3774 populo

376 3795 492 3878 lsrael,
528 3797 606 3881 quio
642 3796 807 3881 sacrificio
844 3793 968 3859 domiai
1004 3805 1035 3859 et
1071 3793 1257 3859 oblaciones
1286 3794 1356 3858 eius

414 4018 435 4065 ³.
452 4020 476 4066 Α
492 4021 536 4076 ap
556 4020 627 4065 nnlua
644 4042 669 4052 -
679 4010 801 4077 'privilegii
819 4017 894 4064 deest.
988 4002 1022 4063 ¹ti.
1041 4019 1064 4062 Α
1080 4017 1104 4063 ln
1123 4028 1211 4073 marat
1239 4015 1265 4061 la
1284 4014 1357 4063 ested

375 4095 515 4133 testamento
528 4096 595 4135 crant
607 4091 679 4135 multe
695 4088 833 4146 clementes,
851 4085 976 4144 religiones
989 4094 1012 4133 ct
1025 4085 1084 4132 rltos
1101 4083 1208 4144 perpetui
1222 4083 1355 4143 approbati.

375 4156 459 4204 clerus
476 4159 595 4206 moderate
608 4158 677 4206 debet
695 4158 781 4205 habere
794 4157 934 4214 temporalia
955 4157 1049 4213 (Abora
1067 4155 1120 4205 168⁴
1134 4157 1232 4205 without
1249 4155 1316 4203 nara
1329 4153 1357 4203 ot

375 4227 509 4285 retusaoal
613 4241 647 4286 aa.
660 4231 684 4276 Α
697 4228 722 4277 la
735 4240 824 4286 marm
837 4227 916 4276 Raris
