3262 5226
324 522 394 571 cnr.
404 504 459 598 vn]
707 523 755 577 nn
772 522 952 577 accessu„

215 705 316 773 1²¹4?
324 705 409 765 suos,
432 680 572 746 limitans
594 678 654 742 sibi
678 692 711 744 et
733 679 876 763 partibus
898 678 967 744 suis
984 694 1184 745 crementum
1206 694 1237 746 et
1256 681 1317 748 alia

323 785 497 853 accidentia
528 782 705 867 naturalia,
744 783 788 848 sic
819 805 853 849 se
883 783 981 849 habet
1012 784 1134 850 nedum
1170 784 1317 851 divimtas
1349 821 1352 826 Δ

324 891 441 959 Christi
464 889 659 956 extrinsecus
691 889 749 953 sed
773 887 957 953 humanitas
980 888 1050 953 eius
1071 887 1262 954 intrinsecus
1275 891 1317 955 ad

324 1009 466 1062 sanctam
497 1006 632 1058 matrem
665 991 854 1075 ecclesiam
889 993 977 1058 unde
1009 993 1236 1079 blasphemum
1269 1007 1318 1061 est

300 1102 460 1184 §cogitare
483 1097 572 1183 quod
586 1097 696 1160 subest
710 1096 862 1181 potestati
885 1097 1028 1162 humane
1049 1117 1146 1182 posse
1161 1098 1316 1165 celebrare

323 1204 500 1268 divorcium
539 1201 621 1283 inter
658 1199 826 1266 Christum
863 1215 896 1269 et
925 1216 1062 1268 matrem
1097 1223 1200 1285 suam,
1236 1204 1318 1271 sicut

323 1308 487 1373 carnaliter
508 1306 735 1394 ymaginamur
758 1309 798 1373 de
820 1307 947 1373 defectu
962 1307 996 1372 in
1019 1307 1136 1372 carnali
1154 1307 1316 1394 coniugio.

324 1412 463 1478 Ecclesia
486 1410 573 1475 enirn
597 1424 645 1475 est
666 1410 759 1497 virgo
781 1411 988 1498 spiritualiter
1010 1410 1219 1496 intelligendo
1234 1412 1317 1479 sicut

324 1532 389 1582 tota
401 1515 575 1581 multitudo
586 1515 752 1582 celestium
764 1516 884 1581 civium
899 1537 1021 1602 agnum
1036 1515 1247 1603 sequencium
1265 1513 1318 1606 (ut

283 1658 314 1694 ,ο
324 1622 436 1686 dicitur
446 1622 639 1708 Apocalyps.
655 1621 757 1704 xlv0,
778 1617 819 1706 r),
836 1622 921 1685 unde
936 1622 1014 1687 tales
1027 1621 1164 1708 virgines
1181 1637 1318 1708 possunt

324 1741 398 1811 post
419 1726 665 1810 corrupcionem
688 1746 873 1812 recuperare
896 1726 1122 1811 virginitatem,
1145 1726 1227 1792 sicut
1248 1747 1315 1793 nnn

323 1831 479 1915 contingit
492 1832 532 1895 de
545 1829 727 1914 virginitate
742 1831 870 1914 carnali,
883 1831 1030 1916 quamvis
1040 1851 1166 1917 semper
1180 1846 1318 1917 possunt

323 1956 390 2006 esse
412 1934 558 2017 virgines.
582 1935 668 1999 Nam
691 1955 731 1998 eo
754 1935 838 2020 ipso,
866 1955 934 2021 quo
961 1937 1195 2021 predestinatus
1223 1937 1318 2004 habet

323 2040 508 2119 celibatum,
542 2039 698 2126 recipiens
731 2061 749 2104 a
782 2061 905 2125 sponso
927 2040 1058 2106 ecclesie
1090 2062 1200 2106 semen
1233 2041 1319 2129 fidei,

283 2144 482 2230 ‚sgignendo
505 2144 609 2209 filium
632 2143 703 2227 Dei,
726 2161 774 2210 est
789 2145 892 2229 virgo,
915 2166 1034 2230 sponsa
1057 2144 1186 2230 Christi,
1209 2161 1240 2213 et
1261 2166 1319 2233 per

323 2268 531 2336 consequens,
554 2270 646 2313 soror
660 2262 693 2314 et
709 2248 803 2314 irater
813 2249 881 2314 eius
895 2270 1080 2336 germanus,
1103 2265 1135 2316 et
1148 2272 1205 2338 per
1220 2250 1317 2334 idem,

322 2370 423 2420 mater
445 2354 522 2435 eius,
539 2374 614 2417 cum
630 2353 732 2439 gignit
749 2353 914 2419 Christum
929 2354 1134 2440 spiritualiter
1144 2376 1182 2420 ex
1197 2354 1318 2421 semine

322 2459 432 2544 sponsi
455 2459 497 2550 in*
523 2457 631 2524 anima
663 2479 820 2524 conversa
851 2461 891 2523 ad
930 2459 1107 2528 Christum.
1145 2461 1187 2525 Et
1223 2459 1317 2525 istam

323 2563 487 2628 materiam
496 2563 628 2649 pulchre
639 2563 742 2648 tangit
751 2565 914 2630 decretum
930 2586 967 2630 ex
980 2564 1125 2630 doctrina
1135 2564 1318 2650 Augustini,

282 2682 453 2755 soutpatet
466 2670 598 2735 xxvn·
611 2691 646 2756 q,
663 2670 785 2754 prima:
802 2670 1021 2755 Nupciarum,
1037 2670 1092 2736 uhi
1103 2669 1218 2735 dicitur
1229 2670 1319 2756 quod

323 2774 460 2839 ecclesia
470 2783 536 2838 tota
546 2774 645 2859 virgo
655 2785 715 2857 est,
725 2794 799 2839 cum
811 2771 989 2859 Apostolus
998 2774 1061 2838 11⁶.
1075 2774 1318 2840 Corinthiorum

322 2877 397 2958 XI0,
422 2897 441 2941 a
470 2877 565 2944 dicit:
584 2880 707 2963 Aptans·
728 2899 786 2945 vos
814 2882 873 2944 uni
901 2881 973 2945 viro
1000 2880 1166 2965 virginem
1193 2890 1318 2945 castam

323 2983 476 3048 exhibere
500 2984 638 3050 Christo.
661 2985 705 3049 Et
727 2986 845 3051 abillo
880 2985 950 3049 viro
965 3005 1041 3049 cum
1061 2984 1140 3052 vivit
1154 3000 1319 3071 perpetuo,

325 3089 484 3153 nonlicet
507 3091 649 3154 recedere
672 3090 877 3175 spiritualiter
907 3088 1106 3174 fornicando,
1139 3089 1212 3156 ideo
1242 3111 1318 3155 con·

283 3195 450 3285 ²gingatus
473 3209 580 3260 manet
603 3195 807 3281 spiritualiter
828 3195 929 3283 virgo.
1312 3257 1316 3264 .

289 3335 317 3400 Q
367 3302 430 3365 Sed
440 3300 574 3365 dubium
586 3314 633 3365 est
643 3301 809 3365 tactumin
822 3315 937 3386 quarto
948 3314 1138 3386 argumento
1148 3299 1319 3366 deunitate
1361 3304 1507 3355 Chim

1345 3370 1417 3417 every
1428 3371 1477 3406 one
1491 3361 1522 3408 oi

327 3405 478 3470 numerali
490 3406 629 3487 ecclesie,
644 3406 909 3471 utrnmChristus
919 3421 951 3472 er
960 3406 1128 3492 quodlibet
1136 3406 1318 3493 membrum
1341 3409 1521 3521 nimphas

325 3510 454 3575 ecclesie
476 3510 516 3575 sit
539 3511 652 3574 eadem
674 3510 804 3575 ecclesia
821 3511 854 3574 in
877 3530 1027 3592 numero,
1042 3525 1074 3576 et
1089 3510 1214 3575 videtur
1228 3510 1319 3596 quod
1375 3513 1481 3564 0²⁸0*-

301 3615 368 3703 gsic
391 3636 428 3679 ex
451 3614 564 3697 triplici
588 3616 815 3679 conveniencia
839 3615 1008 3681 numerali.
1032 3614 1151 3696 Primo,
1175 3615 1318 3701 inquam,

283 3719 448 3804 30videtur
469 3720 558 3804 quod
582 3733 873 3807 quantumcunque
895 3734 1020 3806 partem
1042 3720 1150 3785 anima
1179 3720 1319 3786 hominis

325 3824 478 3908 adequare
523 3824 713 3907 seruaverit,
753 3841 1041 3912 quantumcunque
1082 3825 1213 3891 materia
1250 3846 1317 3892 cor·

362 4041 383 4086 7.
398 4029 420 4074 A
434 4028 458 4075 in
473 4043 563 4085 merga
590 4029 687 4087 Sponsa
700 4030 798 4079 Christi.
944 4044 978 4087 ¹4·
994 4031 1026 4076 az
1055 4044 1147 4091 sponso
1165 4044 1246 4080 unser
1266 4032 1320 4080 ΕΜ

324 4100 443 4157 gignendi
502 4111 532 4145 ss.
547 4101 570 4145 A
585 4099 615 4145 Ba
630 4100 652 4146 ll
666 4100 723 4148 Cor.
739 4102 767 4148 X.
782 4103 803 4148 A
819 4102 843 4148 in
858 4116 933 4162 marg.
947 4114 1009 4148 corr.
1023 4100 1080 4148 Cor.
1094 4101 1136 4148 11.
1188 4114 1225 4161 ²4·
1239 4102 1273 4152 25.
1287 4103 1319 4151 As

324 4168 386 4215 idem
408 4168 556 4227 coniugatus.
663 4171 702 4220 26.
716 4175 739 4219 A
753 4173 776 4219 lo
791 4186 880 4231 merge
902 4173 1014 4220 Dubium.
1027 4174 1050 4218 A
1064 4173 1081 4219 B
1096 4173 1120 4220 ln
1136 4186 1222 4234 marga
1235 4174 1320 4224 Utrum

324 4237 433 4284 Christos
447 4248 469 4285 et
482 4240 607 4300 quodlibet
621 4244 757 4290 membrum
771 4245 870 4291 ecclesie
883 4245 915 4290 slt
928 4245 1012 4291 eadem
1027 4243 1129 4291 ecclesis
1142 4244 1167 4292 ln
1185 4246 1231 4304 (As
1245 4245 1319 4306 deest)

325 4308 457 4364 numeram
472 4312 619 4368 manaret).
725 4311 764 4360 30.
777 4311 810 4359 ns
839 4312 919 4360 aalma
931 4314 1006 4360 deest·

371 4483 409 4537 ro
427 4469 503 4522 Decr.
522 4470 554 4523 ll.
570 4485 642 4541 pars,
659 4486 742 4525 causa
758 4472 861 4539 xllvll,
879 4489 907 4543 q.
925 4475 946 4541 l,
964 4489 987 4529 a
1007 4471 1079 4545 XLI]
