3262 5226
688 619 856 674 Jontuuts
873 618 1019 672 wtcntr.
1210 598 1293 684 [CAP.
1306 607 1359 656 vu.

379 780 492 846 tradat
504 790 535 845 te
556 779 699 842 ministro
721 786 753 842 et
765 777 799 841 in
814 795 977 841 carcerem
993 774 1142 851 mittaris.
1165 771 1220 835 ubi
1243 783 1472 858 secun-149⁸11

378 887 457 950 dum
478 881 714 968 esposicionem
735 880 816 944 beati
839 879 1008 964 Augustini
1035 890 1162 964 oportet
1184 876 1358 962 intelligere

378 990 481 1073 legem
507 984 565 1049 Dei
596 986 813 1049 adversantem
842 984 969 1048 cuilibet
994 983 1161 1068 peccatori,
1193 981 1267 1067 quia
1299 980 1358 1044 nisi

378 1092 436 1156 sibi
466 1089 658 1156 consenserit
683 1089 734 1153 hic
759 1088 793 1152 in
821 1089 882 1171 via,
915 1087 1073 1153 accusabit
1104 1108 1181 1151 eum
1207 1086 1240 1150 in
1272 1086 1359 1150 finali

378 1195 494 1260 iudicio
525 1214 600 1259 cum
634 1192 823 1257 demonibus
854 1193 1095 1258 detrudendum.
1142 1191 1175 1256 Si
1203 1213 1278 1277 ergo
1309 1192 1384 1260 lex5

378 1298 435 1362 Dei
450 1297 614 1363 mitissima
635 1317 701 1361 non
724 1310 828 1381 potest
843 1317 910 1361 non
924 1296 1078 1362 adversari
1097 1317 1159 1361 suo
1174 1295 1358 1374 offendenti,

378 1406 453 1489 quia
481 1417 558 1467 tunc
585 1415 766 1488 sequeretur
795 1402 884 1487 quod
912 1401 1053 1466 falsitatis
1080 1400 1206 1465 malicia
1233 1415 1361 1486 superet

378 1506 552 1589 veritatem,
583 1505 787 1571 manifestum
815 1506 939 1573 videtur
969 1509 1058 1593 quod
1089 1506 1196 1571 omnis
1222 1508 1284 1572 alia
1308 1509 1360 1573 lex

378 1610 561 1675 secundaria
591 1630 656 1673 non
688 1624 815 1676 excusat
844 1613 899 1675 sed
929 1625 1064 1694 accusat,
1096 1633 1164 1676 non
1192 1612 1279 1677 iuvat
1305 1613 1361 1676 sed

159 1735 245 1782 nese
263 1734 370 1792 regnive·
378 1716 537 1801 reprobat,
572 1728 673 1780 stante
706 1715 880 1780 obstinacia
910 1715 1085 1782 offensoris.
1132 1715 1216 1782 Dicti
1251 1731 1405 1783 autemro

161 1787 366 1938 filiiflii}
379 1820 503 1905 fugitivi
525 1820 612 1885 iuxta
633 1818 725 1884 nobis
746 1820 887 1905 exposita
907 1820 1106 1886 offenderunt
1127 1821 1285 1906 inlegem
1302 1822 1361 1887 Dei

202 1891 417 2000 ‘biiii's⁶;¹”‘ex
439 1923 655 1989 inobediencia
677 1924 741 1988 suis
762 1925 939 2009 prepositis,
961 1925 1156 1991 offenderant
1177 1925 1307 2011 insuper
1329 1927 1361 1991 in

378 2029 483 2112 legem
505 2027 634 2091 ecclesie
655 2027 781 2092 racione
795 2029 972 2113 multiplici,
995 2029 1069 2114 quia
1084 2028 1134 2116 (ut
1149 2030 1259 2095 dicunt
1276 2031 1361 2096 docti

377 2133 413 2198 in
434 2132 495 2196 illis
516 2128 651 2218 iuribus)
674 2131 889 2198 inobedientes
911 2133 1065 2198 mandatis
1088 2154 1222 2199 suorum
1244 2136 1360 2221 princi·

380 2259 460 2322 pum
485 2236 692 2302 committunt
719 2237 882 2322 quoddam
911 2258 1013 2322 genus
1038 2238 1201 2324 sacrilegii,
1233 2255 1265 2306 et
1286 2252 1405 2306 cum15

379 2343 597 2408 inobedientes
617 2342 822 2408 remanserint
843 2343 904 2429 legi
919 2343 974 2409 Dei
992 2344 1030 2407 de
1045 2344 1224 2409 obediendo
1239 2346 1363 2431 legibus

379 2447 460 2532 regis
482 2447 542 2530 sui,
575 2467 639 2532 que
664 2448 714 2511 lex
736 2447 818 2513 iusta
845 2447 918 2512 illos
938 2444 1133 2534 protegeret?
1170 2450 1213 2514 Et
1234 2450 1364 2536 insuper

185 2574 232 2636 aaa
245 2573 283 2617 aa
297 2582 351 2616 man
379 2554 556 2619 secundum
577 2555 664 2638 quod
687 2552 846 2618 informati
869 2573 980 2618 sumus
1003 2553 1125 2618 occisus
1152 2568 1219 2620 erat
1240 2555 1364 2639 primus

164 2624 339 2731 ass'io'riitii'
340 2634 371 2720 in
379 2658 506 2723 invasor
528 2672 559 2722 et
580 2657 705 2722 ecclesie
728 2658 878 2742 pollutor.
902 2659 1080 2736 Quomodo
1099 2679 1175 2744 ergo
1197 2660 1247 2723 lex
1269 2659 1362 2724 liber·

190 2730 230 2776 ’δ’
243 2727 345 2774 ΟΜ
379 2762 452 2827 tatis
477 2761 563 2826 illius
590 2761 717 2826 ecclesie
743 2761 921 2827 defenderet
953 2777 1020 2827 tam
1049 2763 1210 2849 ingratum
1237 2777 1268 2828 et
1294 2763 1406 2828 ille-20

380 2866 529 2952 gitimum
556 2866 621 2930 eius
647 2867 840 2950 pollutorem
862 2867 1173 2932 excommunicatum
1207 2871 1244 2930 de
1276 2863 1361 2933 iure?

380 2972 454 3034 Non
483 2969 568 3033 enim
595 2971 715 3054 palliari
746 2985 851 3056 potest
876 2971 1016 3036 defensio
1043 2972 1181 3038 arrestati
1209 2973 1361 3058 legittime

380 3088 411 3138 et
426 3073 537 3138 intenti
553 3074 662 3138 salvati
677 3075 710 3138 in
733 3075 795 3138 vita
818 3089 849 3139 et
871 3076 1031 3159 membris,
1053 3091 1089 3141 ut
1109 3077 1237 3141 invadat
1251 3092 1362 3141 contra

380 3178 482 3263 legem
509 3179 623 3264 Anglie
649 3199 723 3243 suos
752 3178 908 3264 legitimos
935 3195 1129 3249 arrestantes.
1162 3182 1249 3245 Cum
1276 3181 1362 3246 enim

380 3282 546 3348 arrestacio
569 3297 600 3347 et
622 3282 738 3347 occisio
761 3297 835 3349 sunt
856 3285 1018 3369 contraria,
1049 3300 1136 3371 patet
1158 3286 1247 3371 quod
1270 3286 1361 3351 miles
1372 3300 1404 3353 25

379 3402 532 3451 arrestans
547 3387 614 3451 sine
629 3386 821 3451 extractione
836 3388 930 3470 gladii
943 3389 992 3452 vel
1004 3390 1123 3454 cultelli
1139 3409 1205 3453 non
1222 3391 1362 3456 ostendit

380 3491 485 3556 occiso
507 3491 723 3555 necessitatem
746 3511 778 3555 se
800 3491 989 3556 defendendi
1012 3495 1066 3557 sed
1086 3494 1200 3578 pocius
1222 3495 1362 3579 legitime

380 3595 538 3680 paciendi;
566 3610 598 3660 et
619 3609 706 3680 patet
728 3616 764 3659 ex
787 3595 870 3660 lacto
893 3597 1071 3682 multiplici,
1093 3600 1260 3683 supposita
1281 3599 1362 3663 veri·

380 3713 442 3763 tate
470 3697 594 3781 narrati,
621 3701 708 3785 quod
728 3699 748 3745 *
768 3714 855 3764 erant
875 3700 1089 3766 inobedientes
1111 3703 1218 3787 patriis
1240 3704 1435 3788 legibus149·

380 3824 439 3888 pro
465 3824 528 3888 qua
556 3804 771 3870 inobediencia
798 3805 1011 3869 continuanda
1038 3808 1212 3891 querebant
1238 3809 1406 3876 subter-30

424 3989 785 4048 antemerganagusunus
878 3991 938 4037 5.Βι
953 3991 1132 4041 detradendam.
1211 3992 1231 4040 5.
1246 3993 1269 4038 6.
1284 3993 1361 4050 Ange

380 4059 418 4104 lex
432 4059 473 4105 Del
486 4059 621 4106 iustissima
635 4061 657 4105 Α
670 4060 695 4106 ln
709 4072 796 4118 marg-s
817 4059 866 4105 Lex
880 4059 922 4106 Del
937 4068 971 4107 est
984 4070 1064 4109 noster
1078 4062 1237 4110 adversarius.
1265 4062 1298 4107 Dr
1313 4074 1361 4109 non

381 4136 459 4185 potest
472 4127 598 4174 adversari.
702 4128 724 4173 8.
740 4129 773 4173 De
790 4128 827 4174 lea
841 4128 965 4175 contraria.
1069 4144 1099 4177 ra.
1113 4131 1274 4178 odendcnnts
1290 4132 1361 4177 codd.

381 4198 434 4242 ΑΒ
457 4197 530 4254 Μ,
555 4209 630 4243 corne
652 4197 808 4242 offenderunt.
913 4197 941 4243 rb.
956 4198 988 4243 bs
1010 4201 1165 4247 committant.
1271 4200 1305 4247 ab.
1326 4199 1361 4246 Dr

381 4266 471 4312 occisio
480 4273 501 4312 et
511 4267 645 4313 arrestaclo.
723 4266 759 4313 26.
775 4278 809 4324 ²7·
823 4269 845 4313 Α
859 4269 888 4324 Α,
903 4268 939 4313 vel
953 4259 1039 4315 cultelli
1051 4293 1077 4304 -
1091 4269 1234 4316 defendendi
1248 4270 1322 4316 deest.
1343 4269 1362 4316 Β

382 4335 507 4383 ueduat-
562 4356 566 4381 ;
610 4337 897 4394 η.ΔΑιιηαιάοοιι
1257 4352 1261 4357 ·

427 4477 451 4514 a.
462 4463 528 4530 Aug.
540 4462 633 4516 Sermo
645 4464 687 4529 iil,
706 4463 745 4515 De
758 4462 856 4515 Decem
870 4422 982 4516 Chordis
993 4480 1052 4534 cap.
1062 4463 1105 4533 111,
1117 4464 1189 4533 Opp,
1201 4475 1258 4515 tom
1270 4464 1304 4531 V,
1315 4479 1359 4534 49,

383 4552 466 4603 serm.
484 4549 572 4617 ccli,
590 4566 646 4620 erp.
663 4550 731 4616 vm,
749 4548 819 4618 Opp.
836 4559 901 4602 tom.
917 4551 952 4617 V,
972 4550 1046 4621 1037.
1092 4592 1096 4599 .
