3262 5226
476 379 647 433 sonemus
664 378 813 433 wreus.
968 358 1050 451 [car.
1064 375 1126 422 xxa

157 538 328 622 temporale
350 551 480 622 propter
502 535 593 602 cuius
609 535 863 620 complecionem
886 549 1040 621 perpetuo
1062 556 1132 622 pre·
1147 551 1246 625 ¹98⁸0

156 639 303 724 miantnr,
325 641 407 706 sicut
427 641 461 705 in
482 639 625 726 prescitis
647 653 755 705 manet
778 654 934 725 perpetuo
960 641 1047 726 quod
1074 640 1135 725 ipsi
1188 634 1191 640 ’

156 759 310 831 perpetuo
333 745 510 830 puniuntur
531 759 662 830 propter
683 745 819 810 abusum
842 744 892 810 sui
913 743 1020 828 officii,
1042 759 1073 810 et
1095 745 1135 808 ad

156 850 252 914 istum
266 870 395 914 sensum
411 849 518 914 omnis
533 863 671 914 caracter
685 863 794 914 manet
809 862 963 935 perpetuo
981 848 1015 913 ia
1029 847 1137 914 officio

156 955 206 1018 vel
228 956 382 1019 mercede.
398 956 468 1040 Ego
482 969 591 1030 autem
607 955 761 1040 loquebar
782 956 821 1017 de
837 967 990 1019 caractere
1013 968 1048 1019 ut
1062 952 1161 1025 dicits

156 1058 340 1143 simpliciter
354 1059 601 1142 deputacionem
623 1059 664 1122 ad
680 1056 834 1140 officium,
859 1078 917 1123 nec
939 1060 1033 1124 credo
1048 1059 1136 1144 quod

111 1176 141 1274 ιζ·
156 1183 193 1227 ex
215 1162 369 1248 scriptura
381 1163 431 1226 vel
447 1161 574 1228 racione
590 1162 823 1247 improbabitur
837 1183 949 1227 sensus
971 1161 1039 1228 iste.
1061 1165 1136 1227 Non

111 1266 242 1331 sarenim
264 1281 311 1331 est
332 1280 469 1332 caracter
501 1266 571 1331 talia
603 1287 668 1331 una
699 1287 748 1332 res
779 1287 842 1353 que
870 1266 987 1352 poterit
1016 1288 1073 1353 per
1103 1289 1136 1333 se

111 1367 233 1453 inesse,
266 1372 321 1435 sed
343 1371 523 1436 subiectum
554 1369 658 1435 taliter
689 1391 722 1435 se
753 1369 879 1438 habere.
912 1372 973 1437 Sed
996 1373 1166 1442 secundos

111 1449 129 1483 r.
157 1477 279 1541 videtur
299 1476 387 1562 quod
408 1475 442 1538 in
464 1474 554 1539 omni
576 1473 720 1557 homine,
742 1488 775 1540 et
795 1496 852 1560 per
883 1496 1079 1562 consequens
1102 1477 1134 1540 in
1149 1509 1180 1546 ιο

157 1580 246 1646 omni
279 1580 389 1646 ordine
425 1593 562 1644 caracter
597 1579 801 1663 imprimitur,
837 1593 869 1645 et
907 1580 951 1645 sic
985 1601 1073 1667 reges
1105 1595 1136 1646 et

157 1686 271 1751 milites
292 1685 444 1750 haberent
457 1684 634 1770 gloriosum
651 1698 839 1751 caracterem
855 1687 1136 1771 correspondenter

157 1792 197 1855 ad
220 1810 313 1855 snum
337 1790 491 1854 ordinem.
522 1789 584 1853 Hic
612 1789 685 1854 dico
707 1791 795 1876 qnod
817 1802 944 1855 extense
971 1790 1136 1876 loquendo

157 1898 195 1959 de
211 1909 361 1960 caractere
377 1892 428 1981 (ut
449 1893 558 1979 supra)
574 1909 622 1960 est
643 1895 807 1960 conclusio
827 1896 1039 1978 concedenda,
1062 1916 1137 1959 nam

161 1999 249 2065 omni
279 1999 402 2064 homini
434 1999 566 2083 deputat
599 2000 686 2064 Deus
716 1998 859 2064 officinm
890 2001 929 2063 ad
961 1998 1180 2085 prolectnm15

162 2105 296 2169 ecclesie.
322 2105 396 2170 ideo
410 2125 492 2183 cum,
500 2117 628 2188 oportet
650 2125 781 2169 omnem
802 2103 967 2168 hominem
991 2126 1056 2169 esse
1073 2125 1136 2169 ser·

160 2231 237 2275 vum
248 2209 364 2274 Christi
379 2210 430 2273 vel
438 2211 564 2293 agendo
578 2209 630 2274 vel
644 2209 811 2294 paciendo,
826 2230 958 2274 omnem
972 2209 1138 2275 hominem
1205 2216 1206 2219 ’

161 2328 285 2400 oportet
300 2328 426 2398 portare
448 2315 486 2377 de
508 2327 593 2378 secta
615 2334 672 2377 sua
696 2334 762 2377 uno
784 2315 885 2378 modo
907 2314 1048 2381 velalio.
1071 2316 1138 2379 Nec

159 2420 252 2484 credo
272 2418 411 2504 aliquem
425 2416 595 2502 infringere
616 2417 706 2508 quin,
720 2417 801 2483 sicut
823 2418 939 2484 milites
960 2419 1136 2504 spirituales

156 2524 273 2590 Christi
294 2522 412 2588 habent
434 2537 622 2587 caracterem
645 2522 694 2587 sui
723 2521 830 2604 officii,
858 2523 903 2586 sic
931 2537 962 2588 et
989 2544 1076 2608 reges
1098 2545 1134 2589 ac
1145 2557 1179 2593 ιο

113 2704 121 2735 ς
157 2629 272 2693 milites
294 2628 472 2719 corporales
493 2624 544 2716 (ut
565 2640 654 2712 patet
677 2624 832 2710 inferius).
855 2627 891 2690 ia
909 2627 1008 2693 tribus
1027 2642 1134 2692 tamen

157 2732 357 2809 sacramentis
393 2731 569 2816 specialiter
606 2745 743 2795 caracter
778 2729 981 2816 imprimitur,
1017 2733 1135 2798 scilicet

111 2808 126 2893 i
156 2838 324 2922 baptismo,
340 2835 586 2900 confirmacione
600 2848 632 2899 et
647 2834 769 2916 ordine,
792 2856 855 2920 que
870 2835 929 2900 tria
942 2851 1135 2902 sacramenta

111 2913 137 2999 Β.
156 2955 230 3005 sunt
245 2940 426 3004 initerabilia
442 2955 477 3004 ut
497 2938 602 3002 officia
622 2952 814 3002 caracterum
830 2940 1006 3005 indelebilia
1030 2945 1133 3027 quoad

111 3020 124 3050 '⁸
156 3046 302 3109 ellectum
324 3045 374 3107 vel
398 3043 544 3106 fructum.
569 3045 652 3107 Nam
674 3043 707 3105 in
723 3043 883 3127 baptismo
907 3028 1014 3130 recipit
1029 3068 1134 3110 servus
1147 3066 1177 3118 25

157 3151 271 3215 Christi
298 3148 536 3214 distinccionem
565 3149 605 3210 ab
628 3148 761 3211 omnino
789 3147 978 3233 infidelibus,
1005 3151 1037 3213 in
1060 3172 1135 3216 con-

157 3255 338 3320 firmacione
364 3253 606 3317 roboracionem
635 3273 691 3316 sue
714 3252 839 3333 milicie,
871 3253 903 3315 in
930 3254 1039 3321 ordine
1062 3278 1136 3321 vero

158 3360 265 3444 recipit
288 3358 479 3442 singularem
502 3357 730 3420 limitacionem
760 3377 855 3441 supra
883 3357 979 3422 laicos
1006 3361 1045 3423 ad
1075 3362 1135 3424 mi·

157 3464 319 3528 nisterium
343 3461 538 3526 sacramenti.
563 3463 604 3525 Et
620 3460 664 3524 ita
686 3462 831 3525 doctores
846 3463 977 3546 palliant
999 3465 1134 3549 descrip-

157 3571 262 3634 ciones
304 3585 334 3635 et
371 3570 531 3655 applicant
569 3568 756 3652 scripturam
794 3569 835 3632 ad
873 3589 1001 3632 sensnm
1038 3588 1179 3654 quem30

157 3688 307 3757 asserunt,
339 3689 375 3740 ut
401 3688 487 3759 patet
517 3674 557 3736 de
580 3686 744 3753 caractere,
772 3674 811 3735 dc
841 3673 950 3736 ordine
973 3688 1004 3737 et
1026 3675 1135 3738 ceteris

140 3787 219 3864 'qne
241 3779 291 3842 vix
315 3779 431 3841 habent
459 3778 609 3841 corticem
637 3777 823 3861 apparencie
846 3797 884 3840 ex
906 3776 1068 3861 scriptura,
1100 3793 1136 3844 ut

157 3884 301 3947 ordinem
337 3884 506 3947 militarem
543 3883 655 3946 dicunt
687 3903 753 3945 non
792 3883 906 3945 habere
937 3898 1134 3965 caracterem,

157 3989 231 4073 quia
257 3988 307 4051 ille
336 3989 415 4051 ordo
443 4008 508 4050 non
541 3986 696 4051 limitatur
726 3987 765 4049 ad
794 3985 970 4051 differenter
1000 4007 1018 4049 a
1049 3987 1136 4050 laicis

157 4091 401 4156 ministrandum
423 4091 630 4178 ecclesiastica
652 4105 847 4154 sacramenta
870 4089 922 4177 (de
946 4111 1012 4176 quo
1034 4091 1134 4178 alibi).
1145 4108 1193 4166 35¹

196 4261 225 4306 ri.
239 4264 261 4306 Α
275 4260 299 4306 ln
313 4272 400 4315 marga
414 4259 552 4317 Responsio.
640 4269 672 4303 st.
685 4261 708 4303 Α
718 4257 742 4304 ln
755 4270 843 4316 marga
857 4258 883 4303 ln
898 4259 973 4304 tribas
983 4260 1136 4304 sacramentis
1326 4207 1335 4262 i

157 4336 259 4375 cuncter
272 4328 410 4386 imponitur.
513 4340 550 4384 ²⁴·
565 4332 600 4374 Αι
615 4326 750 4374 indeilbiils.
1082 4346 1088 4356 ·
1319 4294 1336 4377 i
