3262 5226
158 487 226 570 1²⁸
700 493 867 552 sonitans
885 494 1034 548 wrcnrr.
1220 469 1353 564 [crevi.

181 672 230 719 w·
243 678 304 718 nna
316 671 347 716 ts·
375 654 569 721 Conceditur
582 670 686 718 tamen
699 654 738 715 de
753 651 880 718 Christo
894 652 985 740 quod
1007 651 1075 734 ipse
1098 647 1274 713 eternaliter
1295 646 1355 711 luit
1368 659 1429 729 ¹4⁶⁸
1441 662 1467 716 1.

167 724 358 836 “fn‘ll'alsl‘f'
375 760 479 840 Deus;
501 778 559 822 nec
574 757 726 843 sequitur:
747 755 781 821 si
797 754 856 818 iste
870 753 972 817 horno
986 753 1082 819 habet
1097 773 1165 817 esse
1179 751 1372 836 potenciale·

155 837 241 928 twiiii
254 828 408 928 modin
434 861 538 928 causis
564 860 717 943 secundis,
744 880 820 944 ergo
851 859 909 923 iste
940 858 1042 922 bomo
1075 870 1123 922 est
1152 877 1212 943 pro
1243 856 1354 920 eadem

226 934 303 993 ω’
374 987 533 1049 mensura,
555 966 629 1053 quia
650 979 724 1030 tunc
733 984 837 1055 omne·
845 962 1048 1026 individuum
1063 962 1151 1047 quod
1166 974 1272 1045 posset
1287 979 1355 1023 esse

378 1070 468 1154 foret,
484 1085 516 1136 et
538 1070 583 1136 sic
608 1069 726 1134 esseio
748 1066 895 1154 potencia
916 1081 963 1133 est
987 1065 1172 1132 distrahens.
1195 1064 1255 1129 Vel
1276 1077 1378 1132 con-5

374 1196 462 1241 cesso
493 1175 583 1260 quod
606 1173 746 1239 Christus
772 1172 867 1238 habet
880 1193 949 1237 esse
972 1185 1113 1236 creatum
1135 1189 1194 1256 pro
1207 1189 1356 1253 mensura

376 1281 457 1361 data,
479 1280 570 1366 quod
591 1292 648 1361 est,
669 1299 734 1343 esse
760 1298 854 1343 cause
874 1278 1024 1359 secunde,
1048 1289 1154 1341 tamen
1181 1288 1257 1339 tunc
1287 1293 1354 1337 non

373 1384 466 1450 habet
488 1404 556 1449 esse
570 1382 695 1467 Chn‘sti,
704 1383 779 1470 quia
792 1397 869 1448 tunc
878 1383 1008 1447 haberet
1023 1381 1227 1447 existenciam
1240 1379 1353 1444 huma·

373 1488 457 1554 nitus
478 1487 680 1573 singularem.

162 1586 258 1657 ‘carta
279 1621 347 1654 sus·
414 1594 457 1658 Et
478 1593 525 1657 sic
554 1593 759 1677 respondetur
788 1594 828 1656 ad
860 1593 1034 1657 secundam
1059 1591 1247 1657 instanciam
1264 1610 1380 1672 con-b

159 1662 217 1709 ned
230 1663 267 1707 the
276 1662 363 1706 tamen

171 1713 355 1812 martimo
372 1697 515 1761 cedendo
537 1710 745 1782 assumptum,
768 1717 843 1762 cum
865 1695 1012 1760 Christus
1034 1695 1094 1761 luit
1107 1697 1142 1759 in
1164 1695 1270 1761 triduo
1285 1710 1352 1761 tam

165 1820 206 1864 ue
220 1818 269 1863 mr
282 1817 358 1864 tsine
373 1822 489 1887 corpus
511 1821 611 1887 quam
632 1801 745 1883 anima,
776 1802 831 1866 sed
857 1821 932 1865 curu
955 1801 1101 1866 Christus
1129 1823 1197 1866 non
1220 1800 1353 1864 assumit

157 1870 271 1969 ‘iiiiii’
293 1952 300 1967 .
313 1869 489 1991 1⁵“c0rpus
501 1906 676 1992 ypostatice
689 1907 747 1971 nisi
762 1906 921 1971 mediante
936 1906 1054 1988 anima,
1069 1921 1166 1991 patet,
1181 1927 1255 1972 cum
1270 1926 1351 1969 non·

224 1975 299 2020 Μ
372 2012 451 2076 dum
467 2025 571 2076 creata
586 2026 634 2077 est
647 2011 752 2075 anima
766 2009 881 2075 Christi
897 2031 957 2094 pro
974 2024 1118 2095 tempore
1133 2013 1243 2076 veteris
1259 2025 1351 2076 testa·

373 2116 483 2197 menti,
506 2136 572 2179 non
594 2138 653 2202 pro
675 2116 728 2179 illo
749 2128 894 2198 tempore
916 2129 963 2178 est
986 2114 1142 2196 Christus,
1164 2137 1222 2181 nec
1237 2115 1394 2183 sullicitis

372 2220 412 2283 ad
435 2240 504 2285 esse
526 2221 724 2286 individuum
745 2241 813 2285 csse
834 2219 1029 2305 specificam,
1052 2221 1128 2306 quia
1141 2235 1218 2286 tunc
1240 2242 1352 2286 omnes

373 2323 502 2390 effectus
524 2327 667 2392 absolute
687 2323 860 2390 necessario
882 2325 1053 2391 evenirent.

177 2442 232 2490 nn
251 2442 343 2490 munt
417 2430 468 2493 nd
483 2429 617 2494 tercium
631 2445 760 2515 negatur
774 2446 986 2517 assumptum,
999 2453 1075 2496 cum
1084 2430 1214 2495 ecclesia
1229 2451 1352 2515 semper
1375 2512 1378 2517 .

173 2496 254 2542 troald
267 2503 308 2543 nat
321 2497 352 2542 bs

172 2548 351 2647 'pamm
372 2534 432 2600 iuit
454 2535 590 2621 capitata
611 2558 666 2621 per
685 2538 814 2602 verbum
836 2539 925 2623 quod
942 2536 1058 2601 mansit
1073 2551 1225 2621 perpetue
1241 2537 1350 2600 eadem

160 2653 508 2725 summissapersona
531 2653 562 2704 et
583 2640 627 2704 sic
657 2640 738 2705 idem
762 2657 858 2726 caput
877 2656 953 2726 post
979 2655 1011 2705 et
1039 2655 1123 2707 ante.
1156 2640 1397 2706 Conceditur20

160 2705 480 2815 iiiiii-'ciiii‘tamen
509 2746 598 2829 quod
623 2760 696 2829 post
724 2746 794 2810 illas
825 2746 958 2831 nupcias
985 2747 1156 2811 celebratas
1188 2746 1222 2810 in
1262 2762 1353 2812 utero

185 2809 337 2855 'mm’
372 2847 513 2932 virginis,
537 2851 666 2934 quando
694 2850 838 2915 Christus
865 2850 926 2915 luit
958 2870 1070 2914 murus
1100 2866 1133 2915 et
1158 2852 1353 2917 antemurale

372 2973 488 3037 sponse
498 2974 565 3036 sue,
575 2953 633 3019 fuit
644 2970 736 3040 caput
751 2954 885 3019 racionis
895 2954 1031 3039 duplicis
1047 2969 1078 3020 et
1092 2956 1227 3040 duplicis
1242 2971 1353 3020 nature

372 3057 470 3123 etsie
493 3057 588 3122 simul
610 3073 704 3144 caput
724 3059 929 3123 intrinsecum
959 3075 991 3123 et
1019 3075 1117 3145 caput
1143 3060 1350 3126 extrinsecum

373 3161 523 3226 eiusdem·
538 3163 674 3228 ecclesie.
698 3165 737 3228 Et
759 3163 803 3227 sic
825 3164 864 3226 ad
880 3163 1083 3228 auctoritates
1105 3180 1212 3249 potest
1226 3165 1286 3228 dici
1300 3162 1352 3251 (ut
1363 3172 1394 3225 25

373 3266 463 3351 alias)
486 3268 576 3352 quod
602 3267 744 3332 Christus
772 3283 819 3333 est
844 3289 904 3352 pro
937 3282 1082 3353 tempore
1112 3270 1224 3334 veteris
1256 3283 1351 3334 testa·

373 3371 471 3435 menti
493 3373 611 3435 nedum
625 3374 798 3436 secundum
814 3373 962 3437 deitatem
979 3375 1034 3436 sed
1049 3376 1225 3439 secundum
1242 3395 1351 3438 causas

372 3476 535 3556 secundas,
557 3489 589 3540 et
610 3476 653 3539 sic
674 3489 811 3561 possunt
832 3477 891 3560 ipsi
915 3477 977 3540 dici
1000 3477 1172 3543 christiani.

414 3580 526 3643 Tertia
541 3579 707 3645 difficultas
721 3581 870 3646 naturalis
886 3597 943 3665 est,
959 3584 1128 3667 quomodo
1144 3597 1251 3648 manet
1264 3583 1350 3647 idem
1360 3588 1392 3642 Μ

371 3703 487 3768 corpus
510 3684 717 3750 inanimatum
745 3686 982 3770 aliispartibus
1010 3686 1166 3771 corruptis
1201 3686 1351 3751 continue
1362 3691 1396 3745 3ο

370 3789 536 3873 generatis.
558 3788 621 3853 Sed
643 3791 682 3853 ad
703 3789 782 3853 illud
805 3790 925 3853 dictum
950 3803 998 3854 est
1013 3790 1089 3853 alias
1105 3791 1193 3875 quod
1217 3804 1265 3855 est
1278 3792 1352 3854 dare

373 3912 488 3978 corpus
498 3892 707 3958 successivum
729 3907 795 3957 tam
818 3893 970 3958 continue
985 3914 1084 3979 quam
1100 3894 1299 3979 interpolate,
1322 3907 1353 3958 et

371 3995 416 4060 ita
441 4010 490 4062 est
520 3998 560 4062 de
591 3998 688 4061 domo
728 3997 891 4080 materiali,
913 3998 979 4061 sive
1014 3997 1155 4079 ecclesia,
1187 3999 1231 4063 sic
1264 3998 1353 4084 quod

373 4100 524 4165 existente
547 4103 721 4166 secundum
744 4115 845 4167 totam
872 4102 1013 4188 aliquam
1037 4100 1097 4167 tuit
1120 4103 1174 4167 illa
1196 4125 1260 4191 que
1280 4124 1352 4190 per·

412 4367 429 4403 ι.
444 4355 479 4401 Bs
504 4355 627 4404 concedlt.
678 4352 681 4357 '
728 4357 796 4405 &Bi
823 4370 875 4404 esse
889 4358 915 4404 ln
929 4369 1040 4418 persons.
1139 4362 1174 4408 ιθ.
1201 4361 1228 4408 ln
1242 4361 1295 4409 cod.
1322 4362 1354 4420 Α.

372 4430 503 4488 spensa
518 4427 552 4473 u·
567 4427 694 4487 speculum.
787 4441 823 4488 ²⁹·
836 4431 859 4475 Α
873 4430 897 4475 ln
912 4440 1001 4486 maran
1014 4428 1101 4479 Tercle
1115 4430 1246 4478 armemus
