3262 5226
733 517 1071 573 rouruurswtcnrr.
1288 498 1403 590 [crat

415 677 474 740 iste
494 677 619 740 videtur
639 674 739 739 michi
760 673 878 737 infideli
901 674 1049 756 deterior,
1071 695 1146 739 cum
1170 674 1290 737 nedum
1310 688 1403 757 negat
1416 689 1474 743 130·
1487 690 1516 744 Ρ

414 778 512 844 fidem
537 780 691 866 scripture
718 793 749 846 et
777 777 874 843 fidem
892 779 1035 854 =ecclesie
1060 779 1100 842 de
1125 777 1309 842 credulitate
1339 797 1403 863 qua

413 896 540 967 oportet
561 883 771 949 christianum
793 884 918 948 credere
940 882 1105 948 ecclesiam
1126 895 1270 946 sanctam
1292 881 1401 945 catho-

414 988 519 1073 licam,
542 989 597 1053 sed
617 991 657 1053 de
672 988 758 1055 lacto
773 1009 839 1053 non
854 1001 902 1053 est
916 986 1001 1052 filius
1015 988 1101 1052 illius
1114 985 1236 1051 celestis
1251 985 1401 1077 coniugii,

413 1094 482 1158 sine
507 1095 597 1159 cuius
618 1092 800 1179 giguicione
822 1113 888 1158 non
911 1113 1085 1177 possumus
1107 1112 1173 1155 esse
1196 1089 1252 1154 filii
1276 1089 1344 1171 Dei,
1371 1102 1426 1158 ets

192 1229 282 1275 oum,
299 1243 342 1290 „5
355 1233 404 1277 „m
413 1220 470 1283 per
491 1219 700 1285 consequens,
723 1220 782 1263 nec
803 1198 933 1262 heredes
955 1198 1054 1284 regni.
1078 1195 1142 1261 Alii
1164 1208 1273 1259 autem
1292 1193 1429 1261 dicuntb
1452 1231 1453 1236 κ

215 1283 381 1391 ciiii&
412 1304 502 1387 quod
523 1319 631 1368 sancta
652 1316 755 1368 mater
776 1302 905 1368 ecclesia
925 1317 973 1366 est
987 1301 1089 1367 eciam
1103 1299 1241 1380 ecclesia,
1265 1298 1319 1361 sed
1334 1317 1400 1361 non

193 1385 278 1493 irin?
292 1387 317 1493 (ιζ
331 1395 460 1484 ἔῗῖξαῑ
480 1407 611 1492 aliquid,
633 1421 666 1471 et
685 1407 730 1471 sic
746 1428 804 1471 nec
818 1405 934 1470 mulier
950 1427 1007 1471 nec
1023 1426 1138 1490 corpus
1154 1403 1272 1469 Christi
1289 1403 1399 1489 mysti-

192 1489 249 1548 ω’
258 1492 401 1548 '‘m’‘
411 1530 486 1574 cum
508 1531 566 1574 nec
588 1511 706 1596 regina.
728 1511 792 1575 Sed
813 1511 864 1575 isti
880 1508 931 1594 (ut
946 1511 1036 1595 tetigi
1051 1506 1142 1598 alias)
1156 1509 1273 1573 debent
1287 1527 1399 1593 negare

409 1637 561 1700 magnam
591 1629 714 1701 partem
745 1614 818 1680 fidei
850 1615 1014 1700 scripture,
1036 1615 1158 1679 decreta
1181 1613 1310 1678 ecclesie
1331 1613 1397 1676 Ro·
1408 1639 1441 1676 ιο

191 1748 287 1806 orum,
300 1750 350 1796 ῃ...
361 1740 504 1796 nemeae
525 1733 557 1785 et
578 1720 754 1785 simbolum
775 1719 847 1785 fidei
870 1720 1048 1786 christiane.
1072 1717 1175 1783 Tercii
1197 1738 1274 1782 vero
1289 1716 1424 1781 dicante

191 1800 344 1900 fiiii‘ffi'ii'
358 1811 498 1907 ffiquod
526 1823 710 1888 universalis
736 1825 866 1890 ecclesia
894 1846 960 1889 non
988 1840 1036 1890 est
1059 1845 1115 1889 nec
1137 1823 1195 1887 erit
1217 1834 1290 1886 ante
1312 1821 1398 1885 diem

190 1905 237 1964 ‘¹⁸¹
241 1904 401 1964 ⁰⁰⁰⁶‘m
409 1927 527 2009 iudicii,
548 1928 605 1991 sed
626 1928 719 1992 multi
742 1928 871 1995 luemnt
893 1944 924 1996 et
943 1929 1036 1995 multi
1052 1941 1126 1994 sunt
1140 1927 1196 2014 qui
1213 1941 1306 1991 erunt
1320 1924 1412 1991 tune'

407 2045 510 2115 partes
532 2032 609 2115 eius,
636 2033 692 2096 sed
719 2052 778 2098 nec
801 2033 897 2099 habet
924 2055 982 2099 nec
1005 2033 1116 2098 babuit
1137 2047 1242 2118 partes
1263 2032 1394 2116 aliquas,

407 2155 447 2198 eo
469 2137 559 2221 quod
581 2156 639 2201 nec
661 2151 788 2203 estnec
810 2137 880 2221 tuit,
908 2159 984 2204 cum
1006 2153 1083 2204 tunc
1107 2137 1188 2202 foret
1210 2135 1395 2201 universitas
1408 2145 1437 2199 15

407 2240 693 2323 predestinatorum
723 2244 780 2327 qui
811 2257 905 2309 erunt
930 2243 964 2307 in
993 2243 1044 2308 die
1070 2243 1188 2308 iudicii.
1221 2241 1321 2320 Quod
1348 2253 1395 2305 est

406 2344 608 2430 impossibile,
631 2367 706 2411 curn
728 2347 820 2412 multi
844 2367 957 2412 eorum
980 2347 1045 2413 sint
1064 2346 1245 2433 generandi.
1624 2408 1628 2431 -.

449 2449 510 2514 Sed
541 2465 668 2535 oportet
694 2451 739 2516 sic
766 2452 933 2538 opinantes
956 2472 1071 2536 negare
1093 2451 1249 2516 maiorem
1271 2459 1430 2534 partemQ
1540 2501 1548 2507 .

405 2554 556 2640 scripture
586 2576 672 2620 sacre
702 2570 735 2622 et
757 2556 932 2642 specialiter
963 2577 1119 2642 magnum
1151 2566 1391 2620 sacromentum
1626 2556 1629 2563 '

405 2658 445 2722 de
467 2658 593 2725 Christo
619 2673 717 2746 atque
744 2661 872 2726 ecclesia
900 2662 940 2725 de
966 2682 1035 2746 quo
1062 2661 1205 2747 loquitur
1225 2660 1434 2745 apostolusao

405 2763 548 2848 Ephesiis
570 2766 626 2848 νο,
650 2765 702 2830 32.
726 2765 829 2830 lmmo
852 2779 981 2850 oportet
1003 2765 1047 2830 sic
1069 2765 1256 2851 loquentem
1277 2784 1391 2848 negare

404 2888 535 2934 omnem
557 2870 778 2955 particularem
811 2869 986 2951 ecclesiam,
1018 2890 1093 2934 cum
1115 2868 1302 2955 particulare
1324 2889 1390 2933 non

404 2973 518 3039 dicitur
547 2959 618 3038 nisi'
638 2974 680 3038 in·
703 2974 947 3060 comparacione
970 2974 1011 3038 ad
1034 2974 1129 3038 totale
1152 2987 1184 3038 et
1205 2974 1389 3039 universale.

404 3076 479 3141 ldeo
500 3093 613 3164 negata
636 3079 801 3143 universali
825 3094 856 3143 et
878 3079 970 3144 totali
993 3078 1122 3143 ecclesia
1144 3064 1290 3164 neginda
1312 3077 1391 3142 foret

403 3181 542 3264 quelibet
564 3182 756 3267 particularis
778 3183 919 3267 ecclesia,
941 3185 993 3248 vel
1014 3183 1104 3247 aliter
1124 3183 1296 3246 dicendum
1312 3181 1433 3247 loretrs

405 3286 493 3370 quod
508 3289 594 3352 Deus
609 3288 772 3373 cognoscit
787 3288 874 3352 mille
892 3288 1084 3352 universales
1099 3287 1258 3352 ecclesias:
1273 3282 1293 3322 ⁸
1304 3288 1391 3371 quod
1405 3290 1464 3349 130⁴

404 3405 486 3455 esset
507 3412 632 3455 summe
653 3392 837 3475 hereticum,
868 3394 945 3479 quia
977 3394 1098 3458 nedum
1124 3391 1252 3456 sentiret
1283 3406 1392 3455 contra

405 3494 569 3559 ecclesiam
590 3496 645 3559 sed
667 3496 803 3561 omnino
824 3498 999 3562 destrueret
1021 3498 1183 3562 ecclesiam
1208 3495 1391 3585 etsingulas

403 3596 487 3681 leges
513 3600 590 3666 eius.
624 3600 676 3665 Sic
707 3621 782 3686 ergo
814 3622 901 3667 error
931 3602 965 3666 in
995 3603 1100 3688 logica
1121 3600 1273 3686 scripture
1294 3620 1391 3686 quem

404 3702 549 3767 diabolus
571 3704 744 3769 introducit
758 3706 798 3769 ad
814 3711 991 3772 cecandum
1006 3721 1128 3772 mentes
1143 3704 1295 3785 fidelium,
1318 3703 1434 3767 iacit3o

404 3802 486 3868 filios
519 3806 587 3870 eius
618 3829 825 3894 prorumpere
856 3811 890 3874 in
922 3811 1144 3876 conclusiones
1166 3809 1283 3872 multas
1309 3808 1390 3870 blas·

186 3919 226 3963 rur
240 3907 535 3990 meuamphemas
563 3931 599 3975 ex
626 3913 745 3998 quibus
771 3930 872 3980 mater
900 3915 1031 3979 ecclesia
1064 3915 1272 3999 perturbatur.
1309 3915 1392 3978 Nam

186 3983 234 4014 eae
248 3983 335 4026 person
349 3974 395 4018 arrd

224 4024 361 4121 'fflssess‘
404 4013 502 4076 sancti
525 4013 672 4080 doctores
697 4018 808 4084 dicunt
830 4020 1031 4084 concorditer
1051 4020 1141 4104 quod
1167 4039 1280 4082 omnes
1302 4016 1392 4080 electi

403 4115 602 4203 aprincipio
633 4121 748 4185 mundi
783 4143 885 4208 usque
916 4122 957 4185 ad
989 4122 1077 4187 diem
1098 4121 1205 4187 iudicii
1232 4134 1307 4185 sunt
1328 4139 1392 4183 una

448 4247 707 4312 sungmrapones
779 4249 934 4302 narrarem
950 4257 1024 4303 deest.
1084 4253 1145 4302 &Be
1159 4256 1253 4314 aliquis.
1316 4265 1347 4299 ra.
1361 4251 1391 4296 ur

405 4331 526 4367 uuaenou
541 4331 585 4369 est.
638 4325 670 4373 13.
684 4326 790 4372 Areultl
804 4333 867 4372 sant.
922 4336 953 4371 at.
967 4326 985 4371 B
1000 4327 1023 4370 ln
1039 4337 1116 4382 mrrpr
1130 4325 1239 4383 Eptavs
1296 4323 1391 4371 Mla

404 4401 483 4447 margi
498 4391 589 4438 Omnes
600 4395 669 4439 electi
680 4394 720 4452 qui
732 4405 786 4444 sant
799 4396 900 4442 ecclesia
910 4403 966 4441 sant
975 4407 1022 4441 una
1032 4408 1133 4453 persona
1144 4395 1287 4450 talaverio*
1297 4392 1393 4438 without

404 4461 470 4506 mark
483 4461 511 4508 ot
522 4461 659 4518 reference).
