3262 5226
211 454 227 579 q
356 441 422 489 cae.
438 422 469 514 t]
736 442 781 494 oa
798 364 975 496 acciusra

106 550 110 609 Ι

152 578 156 585 ¹
208 584 223 621 ’ἱ
246 600 541 683 0128⁸continuans
563 600 707 664 membra
728 597 812 661 illius
834 599 990 682 corporis;
1023 596 1103 662 foret
1129 618 1204 682 ergo
1226 613 1340 664 contra

212 692 222 803 ,
353 709 521 788 racionem,
552 704 601 768 vel
633 703 723 788 quod
748 722 885 787 sponsus
906 702 939 767 in
961 722 1098 789 persona
1119 701 1256 788 propria,
1286 705 1340 768 rel

215 884 218 889 .
288 833 344 887 ηε·
353 814 439 900 quod
462 811 542 875 alius
558 830 596 873 es
610 806 818 893 permissione
832 828 889 871 sua
904 807 1035 872 laniaret
1049 827 1201 892 sponsam
1215 805 1340 872 suam*

352 915 506 981 divisione
537 929 652 977 eterna.
685 911 806 975 Ymmo
838 911 956 976 claudit
990 911 1279 995 contradictorium,
1311 913 1339 976 si

105 1038 121 1113 q
216 1098 222 1109 .
328 1023 430 1100 5bene
445 1017 623 1103 inspicitur;
647 1036 723 1080 cum
736 1015 868 1079 Jeremie
883 1016 1013 1096 xxxu,
1030 1013 1060 1096 3,
1075 1013 1133 1079 sibi
1149 1015 1277 1082 dicitur:
1295 1016 1338 1081 In

351 1126 486 1190 caritate
504 1130 666 1206 perpetua
689 1120 792 1184 dilexi
813 1129 853 1184 te.
875 1119 937 1184 lsta
958 1119 1056 1204 igitur
1076 1133 1107 1183 et
1129 1139 1194 1185 non
1216 1120 1339 1206 lapides

214 1204 222 1285 .'
350 1243 397 1295 est
418 1222 518 1292 mater
540 1239 648 1289 nostra
674 1244 731 1308 per
753 1225 864 1289 orbem
890 1238 1045 1288 terrarum
1066 1221 1218 1288 confitens
1240 1239 1339 1311 caput

98 2655 104 2686 l

351 1353 454 1398 suum.
494 1329 671 1409 Quomodo
703 1349 805 1413 queso
831 1341 898 1392 tam
919 1342 1047 1413 potens,
1078 1341 1143 1392 tam
1165 1328 1283 1393 sciolus
1306 1344 1340 1395 et

351 1453 415 1502 tam
437 1435 613 1516 benivolus,
644 1432 727 1497 sicut
758 1446 805 1496 est
835 1432 971 1496 increata
998 1431 1129 1514 trinitas,
1160 1433 1340 1499 eternaliter

214 1506 223 1609 i
313 1541 476 1625 ,oeligeret
497 1538 556 1602 sibi
579 1557 732 1623 sponsam
755 1557 852 1621 quam
875 1536 1011 1601 finaliter
1031 1532 1226 1623 repudiaret?
1246 1539 1339 1603 Patet
1432 1620 1438 1625 -

216 1632 222 1641 ’
350 1665 422 1730 ergo
441 1664 479 1706 ex
494 1641 556 1706 fide
571 1656 602 1707 et
616 1640 798 1726 signacione
812 1641 891 1725 quid
913 1643 1053 1706 nominis
1074 1642 1206 1707 ecclesie
1226 1642 1337 1707 catho-

350 1752 410 1814 lice
431 1747 520 1832 quod
541 1746 610 1832 ipsa
631 1759 679 1810 est
701 1766 814 1811 omnes
830 1746 1034 1831 predestinati
1048 1762 1217 1832 presentes,
1231 1760 1336 1832 prete·

349 1853 399 1918 riti
421 1866 451 1916 et
477 1851 585 1920 futuri.

314 1980 341 2033 1>
391 1957 468 2023 Ex
460 1957 527 2022 estis
542 1969 720 2042 sequuntur
733 1954 839 2041 alique
853 1956 1085 2022 conclusiones.
1108 1956 1223 2039 Prima,
1245 1959 1424 2063 quodglgst
1436 1969 1558 2079 gagnei·

312 2065 454 2138 ,soullus
485 2061 619 2126 vicarius
642 2059 759 2125 Christi
796 2061 889 2126 debet
920 2081 1102 2146 presumere
1135 2082 1271 2126 asserere
1302 2072 1558 2173 afflegem

349 2189 413 2233 esse
435 2179 530 2253 caput
552 2166 681 2231 ecclesie
703 2181 811 2232 sancte
832 2165 995 2251 catholice,
1017 2190 1129 2254 ymmo
1152 2168 1210 2232 nisi
1232 2167 1335 2233 habu·
1367 2174 1537 2277 Regnat&

209 2328 217 2349 ‚
347 2273 404 2339 erit
434 2271 603 2356 specialem
637 2272 879 2354 revelationem,
919 2293 986 2337 non
1017 2287 1166 2338 assereret
1201 2294 1235 2338 se
1266 2293 1336 2339 esse

209 2456 212 2463 Ι
275 2407 278 2413 ·
347 2379 475 2463 aliquod
498 2377 681 2440 membrum
704 2375 781 2442 eius.
806 2377 894 2440 Patet
917 2398 954 2441 ex
976 2377 1038 2442 hoc
1053 2378 1141 2463 quod
1164 2376 1334 2463 capitalem

208 2472 216 2569 J
347 2483 429 2546 illius
451 2480 580 2546 ecclesie
595 2494 724 2565 oportet
739 2500 805 2544 esse
822 2500 918 2566 super
932 2502 1045 2545 omnes
1060 2483 1189 2566 angelos
1211 2483 1334 2565 beatos,

100 2628 102 2633 -
307 2608 419 2660 ,ocum
441 2586 501 2672 ipsi
517 2586 580 2650 sint
595 2585 739 2649 membra
753 2584 836 2649 illius
857 2585 997 2670 ecclesie,
1020 2587 1109 2672 quod
1129 2587 1188 2652 soli
1203 2587 1334 2654 Chn'sto
1441 2606 1443 2610 ⁴

206 2670 209 2675 ⁸
347 2705 450 2776 potest
472 2704 652 2776 competere
680 2689 760 2753 inter
781 2710 893 2754 omnes
917 2690 1156 2776 predestinatos,
1183 2706 1219 2756 ut
1243 2706 1333 2777 patet

348 2797 443 2861 Hebr.
456 2797 494 2878 1⁰,
516 2815 548 2877 4.
575 2796 660 2859 Nam
687 2795 782 2858 Rom.
798 2795 838 2877 1⁰,
859 2813 892 2878 4,
921 2795 1036 2860 dicitur
1065 2796 1225 2861 Christum
1260 2817 1332 2863 esse

281 2900 618 2986 predestinatum
658 2914 689 2964 et
720 2899 765 2962 sic
796 2899 924 2965 ecclesia
961 2915 1009 2965 est
1040 2902 1147 2965 solum
1177 2921 1331 2967 numerus
1367 2925 1407 2972 rso
1420 2940 1471 2974 one
1484 2941 1529 2975 en

347 3003 641 3089 predestinatorum.
665 3004 785 3070 Sicut
775 3004 870 3090 egitur
891 3004 993 3070 homo
1023 3006 1090 3070 sine
1122 3007 1248 3091 speciali
1279 3029 1329 3072 re·
1347 2978 1548 3090 illidii&

306 3109 505 3179 25aelacione
537 3130 603 3173 non
635 3123 785 3175 assereret
813 3109 879 3174 sine
903 3109 1073 3175 formidine
1103 3131 1136 3175 se
1167 3132 1235 3176 esse
1256 3132 1329 3198 pre·
1414 3092 1483 3133 ⁰⁸⁸²

345 3213 548 3296 destinatum,
579 3214 623 3278 sic
656 3234 715 3279 nec
746 3228 893 3278 assereret
924 3236 957 3279 se
989 3236 1057 3279 esse
1078 3216 1270 3299 membrum,
1299 3232 1333 3284 et

344 3338 400 3401 per
420 3338 627 3404 consequens,
651 3340 718 3384 non
740 3332 836 3404 caput
857 3318 942 3384 illius
977 3320 1113 3385 ecclesie.
1145 3321 1237 3386 Unde
1259 3327 1330 3387 Au·
1374 3363 1521 3422 „mm

344 3422 487 3505 gostinus
516 3443 611 3508 super
637 3424 801 3509 psalmum
823 3422 995 3488 cxxxlum
1023 3438 1195 3510 postquam
1221 3440 1330 3492 osten·

344 3526 428 3591 derat
458 3529 546 3613 quod
576 3529 703 3593 nullum
734 3543 935 3614 preterquam
956 3530 1092 3594 domum
1115 3549 1206 3595 suam
1231 3552 1329 3597 exau·

135 3609 137 3613 Ι
305 3647 337 3699 30
346 3630 390 3695 dit
404 3631 490 3695 Deus
513 3634 553 3696 ad
570 3633 669 3698 vitam
685 3648 839 3699 eternam:
862 3633 924 3699 Ille
939 3634 1044 3721 inquit
1058 3635 1101 3700 ad
1115 3636 1246 3701 domum
1263 3637 1330 3704 Dei

194 3170 206 3217 i

386 3830 402 3863 r.
416 3819 446 3864 s:
460 3819 520 3866 ioret
533 3819 611 3877 igitur.
695 3821 714 3866 5.
729 3818 747 3864 Β
760 3821 784 3866 ln
799 3831 877 3877 marga
891 3819 999 3868 leremle.
1078 3834 1111 3867 ro.
1126 3822 1328 3882 Brl’atetlgitur.

344 3899 369 3932 u.
384 3886 402 3932 B
415 3886 438 3933 ln
453 3901 532 3948 marg:
546 3890 610 3948 Quid
625 3897 661 3936 est
675 3890 782 3937 eecleela.
863 3901 896 3944 14.
910 3890 958 3937 ΑΒ
972 3889 996 3937 lo
1011 3904 1090 3948 mares
1103 3892 1182 3939 l’riraa
1195 3894 1328 3940 conclusio.

344 3957 400 4003 Aio
414 3970 492 4016 maras
511 3959 594 4005 Nullus
612 3972 675 4018 pape
693 3960 764 4007 debet
781 3973 807 4006 se
825 3973 962 4020 presumere
982 3975 1035 4009 esse
1055 3970 1124 4021 eaput
1136 3961 1206 4008 hules
1220 3963 1328 4011 melesio.

342 4027 402 4072 aad
417 4027 439 4074 in
454 4042 531 4087 marg:
546 4030 747 4077 Helvollloml.
800 4031 1193 4090 randanensdugoetlaus.
1242 4032 1279 4079 aa
1293 4032 1326 4079 Ba

342 4101 482 4147 ostenderet.
496 4103 563 4160 AA,=
576 4104 713 4151 ostenderit.
727 4103 832 4151 Correxl.
845 4103 931 4162 comp.
946 4104 1023 4151 below
1040 4105 1125 4150 Altnee
1137 4102 1167 4157 0.
1242 4115 1280 4163 ²⁹·
1296 4103 1327 4149 Ba

343 4177 418 4224 preter
431 4171 542 4232 domum
560 4174 592 4220 ib.
607 4175 631 4222 ln
647 4187 721 4233 marg.
734 4173 831 4221 Nullum
844 4185 925 4234 preter
937 4176 1035 4222 domum
1049 4186 1116 4220 suam
1130 4173 1193 4220 audit
1208 4174 1238 4221 ad
1253 4175 1327 4221 vitant
1378 4220 1381 4224 .

341 4245 451 4288 eternam.

354 4469 361 4477 μ
385 4380 425 4434 28.
443 4384 579 4439 Enarratio
598 4387 626 4440 iu
643 4359 711 4458 psal.
733 4387 941 4458 131.0pp.1t¹‚
960 4405 983 4456 a,
1006 4405 1079 4460 ¹477·
