3262 5226
674 542 844 599 sensurus
861 542 1009 597 wYch.
1192 517 1274 610 [car.
1290 534 1351 581 xtx.

364 722 439 768 cum
459 702 546 788 leges
568 700 697 767 ecclesie
728 701 803 766 licet
835 699 939 784 sopite
971 720 1047 763 cum
1078 698 1144 761 suis
1170 696 1353 760 doctoribus
1367 712 1456 782 '9¹¹1

364 805 442 870 illud
456 807 568 872 dicunt
581 804 792 890 concorditer,
807 801 859 891 (ut
873 817 961 888 patet
975 803 1034 867 111⁰
1046 800 1268 882 Decretalium,
1284 821 1352 883 cap.

363 908 638 998 Fraternitatem),
661 929 720 974 nee
742 908 832 974 aliter
846 928 1021 992 possumus
1043 905 1183 971 excusari
1206 905 1245 968 de
1268 917 1354 969 tanta

363 1015 579 1100 occupacione
615 1013 842 1099 temporalium
881 1013 1062 1077 differenter
1098 1034 1117 1077 a
1160 1010 1288 1075 Christo
1324 1024 1355 1073 et

363 1120 428 1184 suis
461 1120 626 1204 apostolis,
658 1120 719 1184 nisi
750 1121 839 1207 quod
869 1138 983 1182 sumus
1015 1116 1151 1181 ministri
1181 1135 1293 1180 eorum
1323 1128 1379 1184 ets

364 1237 584 1309 procuratores
607 1245 787 1310 pauperum
808 1243 948 1310 quorum
972 1235 1048 1287 sunt
1063 1221 1148 1286 bona
1170 1241 1232 1306 que
1255 1239 1354 1283 serva·
1422 1261 1424 1266 -

363 1349 437 1394 mus
458 1349 524 1396 non
547 1344 585 1395 ut
606 1329 731 1394 domini
752 1331 918 1411 seculares,
938 1342 971 1395 et
993 1344 1100 1394 tamen
1124 1347 1245 1392 servare
1267 1325 1354 1388 illam

363 1432 524 1498 racionem
551 1434 585 1498 in
611 1433 696 1500 lacto
718 1435 769 1498 vel
791 1434 900 1500 audire
922 1433 1014 1520 loqui
1036 1433 1076 1497 de
1108 1432 1162 1494 illa
1193 1430 1224 1494 in
1257 1430 1354 1493 verbo

363 1538 623 1624 contempnimur
644 1554 682 1604 ut
703 1560 875 1620 venenum,
898 1540 953 1602 sed
976 1552 1045 1603 tam
1078 1556 1225 1601 sermone
1257 1555 1353 1620 quarn

363 1662 460 1728 opere
481 1643 659 1728 aspiramus
682 1645 721 1707 ad
744 1635 925 1709 dominium
948 1642 1098 1708 seculare.
1367 1671 1399 1707 ro

179 1753 326 1800 ternant
406 1746 497 1828 Item,
520 1749 561 1811 ad
576 1749 795 1835 repellendum
819 1748 881 1813 tale
896 1748 1077 1812 humanum
1100 1745 1255 1809 iudicium
1277 1760 1434 1813 con-41(

168 1810 329 1905 soliia'r‘iis
366 1849 424 1915 lert
445 1853 534 1937 quod
557 1852 652 1917 iudex
674 1868 711 1918 ut
741 1852 916 1941 plurimum
949 1852 1076 1940 ignorat
1099 1850 1125 1914 si
1158 1865 1284 1915 exactor
1305 1849 1354 1911 in·

146 1911 355 2021 mittimini
364 1955 457 2021 terim
479 1957 592 2023 cecidit
606 1980 625 2023 a
640 1958 709 2023 iure
731 1979 791 2024 suo
814 1973 945 2044 propter
960 1957 1171 2023 omissionem
1185 1953 1354 2041 spiritualis

364 2062 527 2126 ministerii
544 2063 677 2128 subditis
692 2065 943 2150 rependendum,
958 2065 1014 2127 sed
1024 2076 1125 2127 stante
1135 2062 1188 2124 illa
1198 2059 1354 2123 iniusticia
1421 2078 1423 2083 ·

364 2165 479 2232 iniuste
507 2166 638 2232 ferretur
668 2189 729 2253 pro
760 2168 815 2234 tali
845 2168 1015 2233 iudicium:
1046 2188 1122 2252 ergo
1154 2165 1397 2234 temerariumrs

365 2270 444 2338 foret
460 2273 533 2337 dare
552 2294 612 2357 pro
634 2272 689 2338 tali
711 2273 877 2340 iudicium.
900 2273 1008 2338 Minor
1022 2286 1108 2358 patet
1128 2292 1187 2356 pro
1207 2293 1246 2335 eo
1266 2271 1354 2356 quod

364 2377 576 2443 continuatim
591 2376 770 2443 creatorum
786 2378 949 2464 spirituale
964 2377 1176 2442 ministerium
1192 2391 1239 2442 est
1254 2376 1354 2459 magis

364 2481 508 2547 debitum
530 2503 630 2570 quam
651 2485 782 2570 aliquod
806 2484 949 2548 debitum
982 2486 1156 2568 corporale,
1187 2503 1262 2566 ergo
1294 2480 1354 2544 illis

363 2588 619 2653 subtrahentibus
641 2588 745 2674 magis
767 2588 910 2653 debitum
927 2588 1043 2653 iniuste
1066 2588 1224 2674 exigerent
1246 2587 1354 2651 minus

363 2692 508 2756 debitum
539 2707 571 2757 et
603 2693 662 2757 sub
695 2692 885 2758 condicione
917 2693 1006 2778 quod
1048 2692 1222 2757 retribuant
1253 2691 1354 2774 magis
1366 2720 1399 2757 ιο

363 2797 516 2861 debitum.
562 2798 684 2862 Ymmo
718 2798 842 2863 videtur
872 2800 962 2884 quod
993 2799 1149 2862 excedunt
1175 2797 1207 2860 in
1231 2795 1355 2860 malicia

363 2921 490 2964 servum
513 2922 653 2988 nequam
675 2902 731 2988 qui
755 2917 830 2987 post
852 2922 1004 2986 magnam
1019 2901 1268 2965 misericordiam
1290 2900 1353 2964 lac·

362 3018 428 3069 tam
456 3006 587 3069 maioris
609 3007 706 3071 debiti
730 3008 837 3071 minus
860 3007 917 3070 sibi
943 3007 1087 3071 debitum
1114 3005 1215 3090 exegit
1244 3007 1353 3070 crude·

362 3109 431 3174 liter
457 3109 507 3196 (ut
539 3127 626 3196 patet
655 3113 788 3177 Matthei
810 3109 951 3199 xvln0).
999 3112 1087 3176 Talis
1119 3111 1205 3175 enim
1228 3125 1355 3175 curatus

363 3213 459 3298 exigit
480 3236 499 3279 a
522 3215 655 3279 subditis
679 3216 737 3279 sibi
753 3217 932 3280 indebitum
956 3230 987 3281 et
1010 3218 1071 3303 hoc
1087 3216 1278 3281 horribiliter
1299 3229 1398 3301 peras

364 3339 509 3383 censuras
541 3335 572 3384 et
603 3322 899 3408 quomodocunque
938 3321 1039 3385 clerici
1081 3322 1160 3385 circa
1203 3321 1355 3406 prelacias

364 3425 594 3508 contenderint,
618 3428 749 3491 demum
781 3427 968 3512 temporalia
991 3428 1120 3512 exigunt
1151 3427 1304 3508 widula,
1336 3449 1355 3489 a

363 3529 519 3594 subiectis.
536 3533 629 3594 Unde
645 3545 677 3595 et
691 3532 785 3596 istam
801 3532 950 3596 iniuriam
965 3532 1065 3616 tangit
1076 3532 1257 3612 Decretum,
1272 3533 1354 3612 xlv,

363 3653 393 3717 q.
417 3635 454 3699 ll.
478 3635 560 3720 Sepe
570 3637 626 3720 fil,
651 3636 705 3700 ubi
729 3658 766 3700 ex
790 3638 915 3700 decreto
940 3636 1065 3720 septimi
1083 3637 1253 3701 Tolnensis
1276 3656 1353 3699 con·

364 3738 424 3800 cilii
458 3739 500 3803 sic
533 3740 680 3805 habetur:
718 3740 752 3803 Si
781 3742 854 3825 quis
886 3741 1077 3805 clericorum
1101 3741 1292 3826 stipendium
1316 3741 1355 3804 de
1365 3755 1398 3806 30

363 3843 459 3908 rebus
482 3846 613 3909 ecclesie
638 3847 859 3930 cuiuscunque
886 3846 1026 3929 episcopi
1046 3848 1228 3930 perceperit
1251 3846 1354 3932 largi·

402 4131 505 4192 3.ΑΑ,ε
514 4133 729 4193 Ρὶῐπιὶῐιιεωςῆά.
738 4136 830 4182 Deerat.
842 4136 914 4193 crea.
930 4136 970 4193 11,
979 4137 1020 4184 llb.
1035 4137 1075 4194 nt,
1085 4137 1121 4182 tlt.
1135 4136 1301 4195 xmmcap.
1315 4136 1354 4182 111.

364 4215 391 4250 rr.
406 4217 435 4250 rs.
450 4206 472 4251 Α
485 4206 509 4250 la
524 4213 602 4251 textus
615 4213 720 4263 consurg
738 4208 763 4252 la
783 4218 859 4264 marg.
880 4208 995 4252 correxit:
1014 4207 1114 4253 confert.
1138 4208 1181 4264 ap
1201 4213 1306 4263 constan
1325 4205 1354 4252 Br

365 4274 463 4320 eouleru
571 4274 794 4333 atterentem
813 4280 857 4334 Ap
877 4277 976 4323 leretur.
1082 4289 1113 4334 ¹7·
1132 4280 1154 4322 Α
1173 4279 1217 4333 Aa
1235 4275 1356 4322 creatoris.

365 4345 615 4402 roupexlgerst.
694 4346 1055 4400 24.lncodd.llrttlt.1Vl.'
1111 4348 1197 4407 29.Ar
1217 4345 1357 4401 Tolaenslsr

364 4420 426 4457 recte
449 4412 627 4470 Toletaaenrlsr
653 4415 702 4461 rld.
722 4415 814 4462 Decrerl
837 4428 884 4462 see.
905 4424 965 4474 part.
983 4428 1005 4462 c.
1024 4415 1076 4479 xil,
1096 4429 1120 4475 q.
1139 4417 1169 4476 ll,
1193 4427 1245 4474 erp.
1265 4414 1366 4479 Luxu..

363 4477 392 4527 ir.
407 4477 433 4527 in
448 4484 524 4529 decta
538 4485 644 4544 percipit.
