3262 5226
759 639 928 694 tonsurus
947 638 1092 692 wtcttr.
1277 612 1361 706 [cre.
1379 626 1420 674 vt

398 778 518 887 'porea
539 797 686 878 varietur,
716 810 825 861 manet
852 794 1002 860 continue
1029 793 1114 858 idem
1146 791 1260 875 homo,
1292 804 1329 856 ut
1359 789 1527 874 hicr47·Q

420 904 622 991 supponitur.
661 905 770 983 Quare
792 921 866 988 ergo
889 920 956 965 non
982 899 1026 964 sic
1056 901 1096 965 de
1117 896 1251 963 homine
1281 894 1412 962 ecclesie

421 1009 513 1074 cuius
535 1008 638 1073 forma
662 1023 712 1074 est
734 1006 880 1073 Christus
902 1026 1034 1069 manens
1049 1003 1083 1068 in
1100 997 1266 1069 eternum?
1289 1001 1441 1069 secun-2

421 1114 501 1179 dum
525 1113 711 1198 exemplum
740 1111 890 1175 naturale
909 1124 956 1175 est
977 1110 1067 1196 quod
1094 1109 1201 1173 anima
1230 1107 1412 1192 cuicunque

420 1216 568 1281 membro
602 1216 752 1301 copulata
784 1213 877 1279 fuerit
905 1226 1048 1279 remanet
1078 1227 1146 1278 tam
1170 1211 1280 1276 anima
1314 1223 1438 1298 quams

421 1320 605 1385 membrum
626 1320 740 1406 eadem
761 1340 899 1404 persona
921 1318 1071 1386 hominis.
1102 1319 1211 1398 Quare
1239 1338 1317 1402 ergo
1345 1337 1413 1380 non

421 1425 466 1489 sic
488 1424 529 1487 de
551 1423 680 1489 Christo
697 1438 730 1489 et
743 1422 883 1507 ecclesia,
895 1422 937 1487 sic
947 1423 1034 1509 quod
1045 1422 1213 1509 quodlibet
1228 1421 1413 1486 membrum

422 1529 490 1594 eius
512 1529 553 1595 sit
575 1527 733 1611 Christus,
756 1543 793 1592 ut
807 1541 922 1591 sonant
935 1527 1035 1591 multe
1051 1522 1273 1591 auctoritates?
1297 1525 1444 1592 Tercioe

422 1634 546 1698 videtur
567 1633 657 1719 quod
678 1631 761 1697 sicut
783 1630 928 1696 Christus
950 1630 1067 1695 mansit
1090 1632 1202 1695 eadem
1224 1652 1365 1716 persona
1378 1630 1413 1694 in

421 1757 559 1802 numero
580 1757 640 1823 pro
667 1750 814 1823 tempore
840 1735 952 1801 mortis
983 1757 1049 1819 sue,
1078 1749 1145 1800 tam
1176 1735 1209 1798 in
1242 1735 1412 1821 sepulchro
1426 1761 1458 1799 ιο

421 1856 570 1907 mortuus
592 1861 693 1927 quem
714 1841 748 1904 in
771 1840 896 1905 inferno
927 1840 1028 1922 vivus,
1050 1839 1094 1905 ita
1121 1839 1261 1904 videtur·
1277 1842 1414 1905 eandem

421 1967 592 2033 personam
622 1945 752 2010 ecclesie
779 1945 965 2010 disiunctive
995 1959 1182 2031 regnantem
1214 1945 1248 2008 in
1281 1945 1351 2009 celo
1382 1959 1416 2010 et

422 2052 679 2139 peregrinantem
701 2050 735 2114 in
762 2052 897 2133 mundo,
925 2065 955 2115 et
983 2049 1026 2114 sic
1059 2048 1206 2114 Christus
1241 2049 1415 2133 assumpsit

420 2156 599 2243 ypostatice
630 2177 803 2242 personam
835 2156 963 2220 ecclesie
990 2154 1220 2241 peregrinantis
1255 2155 1288 2218 in
1322 2155 1414 2219 besta

420 2260 575 2348 νηίου(
1428 2267 1458 2321 15

215 2390 268 2439 w·
281 2390 388 2437 ωιιιιιι
466 2365 528 2431 Hic
550 2380 678 2451 oportet
700 2368 872 2452 prudenter
899 2366 1071 2449 intelligere
1095 2365 1253 2430 unitatem
1275 2383 1414 2451 persone

195 2442 522 2557 ‘iiiii‘itisgifquam
553 2471 653 2537 sancti
686 2472 869 2556 exprimunt
900 2492 936 2535 ex
952 2471 973 2518 *
987 2470 1154 2557 scriptura,
1186 2484 1224 2535 ut
1254 2483 1343 2556 patet
1373 2471 1414 2534 de
1427 2472 1489 2546 ¹47⁸

211 2549 279 2593 vbst
292 2547 313 2593 ls
326 2554 394 2606 untty
616 2576 624 2591 .
757 2576 765 2591 .
839 2574 842 2581 -
1073 2575 1081 2589 .
1119 2576 1127 2591 .

238 2599 374 2658 otpertus
422 2589 498 2641 octo
520 2578 688 2662 genenbus
710 2590 870 2641 unitatum
892 2597 972 2662 quas
995 2590 1143 2661 exprrmrt
1173 2577 1286 2657 beatus
1312 2576 1412 2638 Bern-

421 2681 552 2763 hardus,
575 2695 610 2746 ut
632 2681 782 2746 recitatur
809 2681 841 2744 in
867 2680 1016 2766 proximo
1047 2679 1189 2765 capitulo
1217 2679 1251 2743 in
1277 2700 1412 2765 respon·

422 2785 514 2850 sione
535 2787 576 2849 sd
598 2785 734 2851 tercium
755 2801 991 2871 argumentum.
1014 2787 1055 2851 Et
1078 2799 1155 2850 tunc
1178 2785 1346 2871 loquendo
1373 2786 1414 2849 ad

422 2910 553 2954 sensum
576 2891 748 2955 doctorum
771 2891 974 2954 concedenda
988 2890 1112 2954 videtur
1129 2888 1290 2954 sentencia
1306 2889 1412 2953 cuius·
1425 2909 1460 2947 so

422 2993 500 3058 libet
522 2993 639 3059 horum
663 2994 761 3059 trium
787 3010 1058 3079 argumentorum.
1086 2995 1171 3059 Nam
1199 2994 1308 3078 primo
1336 3015 1415 3057 con·

424 3099 492 3164 cedi
515 3112 621 3183 potest
643 3100 732 3185 quod
756 3114 863 3164 manet
887 3099 1037 3165 continue
1061 3101 1174 3164 eadem
1192 3098 1328 3163 'ecclesia
1351 3118 1417 3183 que

425 3218 471 3268 est
493 3203 653 3268 collectim
676 3224 790 3267 omnes
810 3204 1013 3290 predestinati
1038 3218 1069 3269 et
1084 3203 1272 3289 singillatim
1287 3202 1417 3287 singuli,

425 3330 461 3375 ac
484 3309 628 3394 singulus
651 3311 827 3373 eorundem
849 3329 961 3373 omnes
984 3309 1065 3373 uniti
1092 3309 1125 3371 in
1150 3308 1280 3372 Christo
1303 3307 1417 3392 capite,

425 3415 480 3476 sed
503 3428 580 3477 tunc
603 3427 731 3498 oportet
752 3412 923 3498 intelligere
946 3435 1115 3498 personam
1132 3426 1168 3476 ut
1183 3427 1291 3497 caput,
1314 3411 1418 3494 basim
1429 3415 1461 3469 ²⁵

426 3517 529 3583 tocius
551 3517 724 3603 compositi
756 3532 787 3582 et
818 3518 982 3602 quodlibet
1013 3519 1195 3582 membrum
1218 3539 1317 3582 suum
1339 3538 1417 3581 con·

426 3622 494 3686 luse
517 3636 683 3707 tamquam
705 3623 894 3706 absorptum
916 3622 947 3685 in
964 3622 1092 3687 Christo
1115 3622 1350 3705 absconditum,
1374 3622 1418 3686 sic

425 3728 514 3813 quod
537 3726 667 3791 ccclesia
690 3725 808 3791 Christi
831 3726 914 3790 dicat
936 3726 1099 3791 Christum
1122 3749 1197 3792 cum
1220 3749 1419 3812 quocunque

426 3829 510 3895 fideli
557 3830 614 3894 sibi
661 3832 909 3915 incorporatum.
955 3831 987 3896 Si
1037 3832 1123 3896 enim
1172 3853 1257 3916 papa
1303 3832 1419 3898 dicitur

427 3936 556 4001 ecclesia
586 3951 717 4022 propter
744 3936 891 4001 virtutem
921 3957 1018 4022 quam
1045 3937 1149 4001 influit
1176 3937 1210 4000 in
1239 3937 1463 4022 ecclesiam,30

435 4226 437 4231 ·
467 4221 495 4254 ιι.
518 4209 564 4255 lile
585 4209 683 4255 verbnm
706 4210 825 4254 omissum
852 4220 904 4253 esse
917 4208 1016 4254 videtur.
1135 4208 1167 4255 16.
1182 4210 1205 4254 Α
1219 4209 1245 4255 ln
1259 4221 1348 4267 marga
1374 4207 1421 4254 lle·
1471 4209 1473 4213 ’

428 4279 534 4336 sponsio.
547 4277 610 4325 Nota
622 4279 747 4338 quomodo
761 4278 843 4325 omnis
855 4278 961 4324 membra
976 4277 1064 4325 Christi
1077 4286 1134 4325 sunt
1147 4277 1258 4325 cbristus
1271 4290 1326 4326 cum
1339 4288 1422 4323 corre·

428 4348 590 4407 spondencils.
602 4348 696 4405 (Above
708 4359 763 4410 ¹⁴7·
781 4349 878 4396 without
891 4349 957 4396 marl
975 4348 1003 4395 ol
1019 4349 1156 4405 reference)

476 4557 516 4614 ¹8.
534 4559 575 4614 cl.
592 4559 678 4614 above
695 4576 756 4631 pag.
778 4576 836 4633 top.
858 4633 862 4641 ι
