3262 5226
210 445 362 538 caere]
592 466 639 521 ou
657 465 835 521 eccrssrn
1354 448 1424 534 ³49

94 639 197 711 1³177·
253 627 305 688 Ad
327 624 407 688 illud
430 646 505 708 sepe
527 623 590 687 dixi
614 625 704 710 quod
727 622 841 688 laisum
864 622 1049 702 assumitur;
1068 633 1425 743 01101111τικιιιιὲιιτινιῗιιέΙὶοΙΙ

209 729 294 792 enim
333 743 507 814 utrumque
544 729 710 793 brachium
747 728 890 813 corporis
927 727 1054 791 ecclesie
1091 726 1197 790 iuvare
1232 736 1398 836 ”Qiffl

209 833 380 917 reliquum,
414 853 472 897 nec
504 846 551 895 est
583 831 615 895 in
647 832 709 898 isto
741 831 898 913 conlusio,
929 832 985 895 sed
1020 830 1196 894 secundum
1264 841 1398 939 {mffi'ff'

208 936 404 1020 Apostolum
436 937 466 999 Ι·
490 935 566 1002 Cor.
590 937 663 1000 Xll⁰
687 936 846 1002 caritativa
868 934 1032 1000 connexio.
1060 933 1197 1001 Ulterius
1224 906 1309 1007 naa·
1379 908 1407 954 μ

184 1059 283 1122 ssepe
298 1040 420 1104 dictum
436 1054 483 1104 est
498 1042 599 1124 quod,
621 1042 703 1106 sicut
725 1042 825 1105 clerus
848 1055 933 1105 stans
952 1040 985 1104 in
1004 1060 1065 1103 suo
1087 1039 1196 1104 ordine

209 1157 256 1206 est
278 1143 408 1207 seculari
431 1145 586 1228 superior,
610 1146 654 1209 sic
678 1146 902 1210 nominetenus
917 1143 1047 1209 clericus
1062 1143 1195 1228 degene-

209 1267 280 1309 rans
304 1262 351 1312 est
373 1247 453 1312 inter
475 1269 589 1312 omnes
610 1250 744 1314 viatores
759 1249 921 1314 abieccior.
945 1249 1036 1314 Unde
1058 1244 1110 1333 (ut
1123 1268 1197 1332 sepe

209 1348 287 1439 dixi)
322 1353 414 1415 nobis
445 1352 602 1417 stantibus
631 1354 662 1417 in
687 1369 795 1418 nostro
817 1354 928 1419 ordine
951 1372 1016 1417 non
1043 1353 1196 1416 debemus

209 1457 492 1541 contemptibiliter
519 1479 587 1522 esse
615 1458 747 1523 subiecti
771 1458 977 1543 principibus,
1000 1457 1086 1521 unde
1107 1456 1196 1541 glosa

168 1561 367 1631 ‚oordinaria
395 1583 491 1647 super
519 1563 635 1628 XCVI·
671 1564 743 1630 dist.
770 1562 885 1627 dicitur
911 1563 1000 1648 quod
1025 1561 1196 1647 episcopus

208 1681 255 1730 est
286 1687 382 1751 super
414 1667 651 1752 imperatorem,
683 1692 748 1733 non
781 1684 889 1734 tamen
920 1669 946 1734 si
983 1666 1056 1732 lacit
1086 1680 1196 1731 contre

207 1771 403 1854 religionem,
436 1794 512 1837 nam
546 1774 577 1836 in
612 1775 667 1837 illo
705 1796 779 1840 casu
812 1788 921 1860 posset
952 1795 972 1836 a
1002 1791 1194 1859 quocunque

206 1875 359 1959 redargui,
392 1891 427 1941 ut
459 1892 546 1960 patet
576 1878 647 1941 ΧΗ
670 1880 752 1961 dist,
784 1881 819 1942 Si
835 1898 937 1964 papa,
967 1879 1013 1940 vel
1045 1877 1145 1940 eciam
1167 1875 1193 1939 si

206 1980 320 2043 scisma
343 1980 465 2063 laceret,
488 1982 617 2063 xxnu,
641 2005 673 2068 q.
690 1984 729 2064 V,
751 1984 802 2047 De
825 1984 1011 2068 Liguribus.
1030 1981 1070 2046 Et
1089 1981 1195 2066 plures

167 2099 281 2155 ‚ssunt
319 2106 410 2149 casus
440 2086 472 2148 in
505 2087 622 2170 quibus
662 2088 741 2172 layci
785 2088 902 2151 habent
942 2085 1194 2150 iurisdiccionem

206 2208 300 2272 super
320 2189 449 2254 clericos
473 2206 506 2255 ut
530 2192 612 2275 dixi3
635 2192 738 2277 inquit
753 2194 865 2275 XXlll,
888 2215 918 2277 q.
942 2193 995 2274 Ψ,
1018 2190 1193 2276 Principes.

249 2295 341 2359 Unde
369 2296 466 2360 miror
497 2299 665 2381 quomodo
694 2298 822 2383 quidam
845 2297 1024 2360 innituntur
1045 2295 1192 2381 exemplo
1239 2304 1370 2351 Μοὺθ

1214 2364 1306 2414 penem
1319 2357 1350 2403 ot
1360 2357 1400 2404 tbe

205 2399 244 2462 de
267 2401 371 2464 celesti
400 2400 561 2486 ierarchia,
584 2404 729 2488 putando
751 2404 839 2485 quod
863 2401 964 2465 clerici
988 2421 1053 2464 non
1077 2402 1306 2520 debentegfyttiep¹
1322 2409 1417 2507 {legs-

205 2504 318 2588 corrigi
341 2526 360 2567 a
383 2506 489 2589 laycis,
514 2528 589 2569 num
613 2506 751 2569 stabilito
774 2504 884 2569 ordine
907 2505 1070 2570 militantis
1096 2505 1190 2569 iersr-
1200 2493 1417 2627 gffiffrggffia

163 2609 285 2691 aoclrie,
309 2610 390 2675 sicut
413 2624 459 2674 est
486 2610 518 2672 in
547 2609 696 2674 ierarchia
718 2608 833 2689 celesti,
856 2612 1041 2693 procederet
1067 2610 1151 2675 racio
1172 2629 1192 2673 e
1227 2629 1269 2662 m
1281 2618 1384 2664 »renen

205 2714 413 2778 similitudine
446 2716 534 2799 quod
567 2712 669 2776 clerici
703 2733 768 2776 non
800 2713 905 2779 forent
938 2715 1068 2780 subiecti
1095 2715 1192 2798 laicis,
1359 2702 1363 2711 ⁵

204 2820 259 2883 sed
282 2818 308 2881 si
332 2818 437 2883 deficit
460 2817 505 2881 eis
528 2817 625 2880 virtus
650 2815 848 2882 illuminandi
874 2832 905 2884 et
927 2819 1133 2903 expurgandi,
1147 2808 1205 2884 sic'

204 2924 294 3009 quod
317 2924 379 2987 sint
402 2922 538 2986 ceciores
562 2934 594 2984 et
617 2920 849 2986 criminosiores
874 2945 972 3008 quam
994 2924 1086 3011 layci,
1109 2944 1192 3010 quo·

204 3030 305 3092 modo
336 3041 430 3092 staret
460 3026 494 3089 in
526 3024 587 3088 illis
610 3028 865 3110 perturbantibus
899 3027 1044 3092 ordinem
1065 3028 1193 3094 ecclesie

161 3149 193 3202 25
205 3133 389 3216 exemplum
420 3129 570 3193 ierarchie
603 3126 742 3194 celestis?
765 3133 839 3195 Ideo
863 3132 894 3195 in
918 3131 1040 3197 delectu
1063 3133 1193 3199 illorum

203 3252 264 3302 stat
295 3236 385 3321 quod
422 3235 612 3320 pervertitur
651 3238 732 3300 ordo
771 3237 988 3302 ecclesiasticie
1027 3237 1193 3313 ierarchie3

201 3341 283 3406 ordo
313 3341 384 3405 dico
417 3360 483 3403 non
516 3339 703 3425 simpliciter
733 3342 787 3405 sed
818 3341 897 3405 ordo
928 3342 1109 3407 individuus
1133 3342 1192 3427 qui

202 3445 283 3510 loret
314 3444 347 3507 in
371 3443 443 3508 illis.
476 3445 551 3507 Non
575 3445 663 3507 enim
685 3460 733 3509 est
763 3445 809 3509 las
839 3445 922 3509 fideli
954 3448 1076 3512 credere
1103 3448 1192 3533 quod

202 3550 295 3614 datus
322 3551 423 3613 clerus
451 3549 588 3613 servabit
615 3549 761 3613 ordinem
789 3551 983 3635 superiorem
1005 3551 1039 3615 in
1061 3552 1192 3617 ecclesie

159 3670 193 3724 30
202 3667 489 3739 quantumcunque
511 3654 700 3739 peccaverit,
723 3676 797 3718 cum
820 3655 941 3739 primus
964 3657 1094 3741 angelus
1115 3677 1191 3722 cum

202 3760 268 3822 suis
290 3758 502 3842 complicibus
518 3773 649 3844 propter
663 3759 856 3843 apostasiam
872 3761 911 3823 nb
926 3760 1036 3824 ordine
1051 3761 1190 3826 deiectus

239 3955 257 3989 1.
273 3945 296 3990 Α
310 3944 335 3990 11
349 3955 437 4001 merga
451 3943 595 4003 Responde.
701 3944 721 3991 5.
736 3945 766 3990 B:
781 3946 880 3993 ordiale
986 3958 1013 3993 11.
1026 3948 1050 3994 Α
1063 3947 1088 3995 ln
1101 3960 1189 4006 merga

201 4011 286 4060 Cieros
300 4021 378 4071 potest
392 4015 479 4072 corrigi
494 4027 537 4072 per
549 4016 644 4060 taicum.
673 4015 691 4060 Β
706 4016 729 4061 in
744 4028 830 4071 marg:
845 4017 916 4074 Quod
930 4017 1013 4074 prelati
1027 4017 1190 4077 delinquentes

199 4082 323 4199 plagibus
337 4091 391 4129 eunt
405 4083 548 4142 corrigendi,
564 4092 589 4130 ut
602 4092 638 4130 eet
651 4084 758 4141 dignum.
838 4098 871 4144 ¹9·
885 4086 907 4131 Α
920 4087 964 4143 An
979 4087 1065 4132 nern'-
1075 4087 1193 4159 lerarcbie'

246 4311 287 4347 ro.
305 4296 366 4348 vid.
376 4296 494 4364 glossam
510 4297 542 4349 ed
557 4297 655 4366 cepll,
671 4295 831 4352 dietXCVI.
844 4298 906 4352 Duo
916 4306 988 4354 111111.
1067 4298 1106 4352 13.
1123 4292 1201 4370 (ἔαρ.

197 4380 289 4434 XLlll.
397 4384 437 4437 15.
454 4385 521 4455 Cep.
538 4384 594 4437 XX.
