3262 5226
483 666 651 754 Jousuuts
668 702 816 754 wreus.
845 676 849 682 ’
964 683 1141 776 [charnu

156 857 321 922 humiliter
347 878 404 941 per
426 859 546 922 ostium
561 856 728 923 Christum
752 859 792 922 ad
817 859 879 923 tale
902 855 1059 938 officium,
1083 857 1254 940 sedeam*

156 961 298 1025 ascendit
313 961 441 1026 aliunde
464 962 602 1026 violente
624 976 844 1046 pertractum
868 962 951 1045 regis
975 962 1137 1046 superbie,

158 1080 189 1130 et
203 1086 260 1149 per
277 1086 476 1152 consequens
492 1080 551 1146 est,
568 1065 732 1156 si'factum
749 1087 844 1132 suurn
869 1067 915 1131 sic
931 1086 964 1131 se
979 1066 1141 1147 habuerit,

158 1170 210 1235 lur
233 1186 265 1234 et
287 1171 380 1236 latro.
544 1180 545 1184 ’

111 1286 149 1336 ss
202 1275 252 1338 Ad
269 1277 448 1340 secundum
465 1290 693 1361 argumentum
714 1290 844 1361 captum
862 1296 900 1339 ex
917 1277 1004 1340 dicto
1020 1275 1182 1348 Christio

111 1353 295 1444 1⁹“Mauhei
322 1379 414 1444 XV1⁰
436 1394 524 1464 patet
555 1400 593 1444 ex
621 1400 697 1465 sepe
721 1381 814 1445 dictis
837 1382 927 1465 quod
956 1381 1142 1465 quicunque

111 1499 131 1546 u
159 1485 204 1549 sic
237 1486 410 1565 extollitur,
442 1487 493 1550 vel
524 1485 565 1548 ad
597 1505 672 1549 eum
695 1485 735 1548 de
742 1499 919 1580 potestate
947 1485 1021 1550 data
1046 1485 1142 1549 Petro

159 1606 191 1654 et
208 1591 277 1654 eius
293 1591 430 1672 sicariis,
452 1590 525 1655 ideo
542 1611 670 1655 necesse
690 1605 739 1655 est
763 1611 863 1676 papas
887 1590 1054 1654 addiscere
1076 1610 1144 1653 sco-

159 1694 223 1758 lam
263 1695 347 1779 Petri
386 1695 609 1779 specialiter
601 1715 633 1757 sn
672 1695 854 1760 humilitate
892 1711 925 1759 et
962 1694 1143 1758 ministerio

158 1799 329 1884 spirituali,
350 1800 424 1883 quia
441 1799 532 1862 aliter
552 1817 617 1863 non
640 1813 689 1863 est
711 1801 764 1864 ille
787 1799 842 1885 qui
862 1800 908 1863 sic
928 1799 1142 1883 pretenditur,
1158 1834 1188 1868 ro

160 1919 195 1967 ut
210 1919 298 1986 patet
313 1904 555 1989 quadragesima
572 1903 793 1990 distinccione.
817 1903 958 1988 Oportet
985 1923 1064 1987 ergo
1083 1904 1141 1967 do·

160 2008 285 2072 minum
303 2029 420 2093 papam
440 2009 683 2095 circumspicere
701 2022 738 2072 ut
759 2022 865 2073 teneat
883 2029 917 2072 se
933 2009 965 2072 in
981 2009 1139 2073 limitibus

160 2113 260 2177 sancti
285 2113 382 2195 Petri,
405 2128 436 2178 et
459 2113 637 2197 specialiter
653 2114 741 2198 quod
760 2127 850 2177 notet
866 2115 963 2177 verba
986 2112 1144 2197 scripture

160 2237 260 2299 sacre,
294 2238 358 2282 non
391 2218 577 2302 usurpando
609 2218 698 2303 quod
729 2219 808 2301 ligat
830 2234 863 2282 et
886 2218 981 2282 solvit
1006 2219 1038 2281 in
1067 2238 1143 2302 pur·

160 2323 286 2406 gatorio
308 2324 420 2387 subter
442 2338 559 2387 terram
588 2343 645 2386 nec
669 2323 813 2386 ascendit
835 2324 868 2387 in
892 2323 997 2386 celum
1026 2324 1187 2407 imper-15

161 2428 275 2491 ciendo
302 2427 439 2511 ‹premia
483 2429 663 2509 beatorum,
707 2447 782 2491 curn
821 2427 887 2491 sint
929 2428 1145 2493 insolubiliter

160 2533 309 2614 limitata,
347 2532 402 2595 sed
437 2546 565 2615 oportet
599 2532 686 2618 quod
725 2545 832 2597 teneat
865 2553 900 2597 se
932 2533 1077 2597 virtuose
1112 2535 1144 2598 in

162 2637 270 2700 medio
293 2657 391 2720 super
413 2650 541 2701 terram.
566 2638 606 2700 Et
629 2649 718 2720 patet
735 2638 822 2722 quod
839 2638 948 2701 minor
962 2637 1145 2721 argumenti

162 2757 210 2806 est
241 2741 332 2824 salsa,
365 2761 439 2805 nam
474 2761 557 2804 unus
589 2756 736 2824 apostata
772 2754 876 2826 potest
899 2742 1089 2827 pretendere
1112 2762 1146 2805 se

163 2846 207 2910 sic
232 2847 355 2909 solvere
380 2846 429 2909 vel
452 2846 561 2928 ligare,
584 2847 639 2910 sed
663 2868 728 2910 non
750 2847 864 2911 exhinc
890 2847 1038 2932 sequitur
1058 2848 1191 2932 quodso

162 2951 208 3014 sic
225 2950 310 3014 iacit.
335 2950 410 3014 ldeo
426 2947 478 3034 (ut
493 2971 566 3033 sepe
584 2946 664 3036 dixi)
688 2965 817 3033 oportet
837 2952 1007 3016 dominum
1031 2972 1147 3036 papam

163 3076 274 3121 cavere
298 3058 338 3119 de
363 3056 467 3119 modis
490 3056 683 3140 sophisticis.

111 3175 136 3223 es
206 3162 257 3224 Ad
287 3162 421 3224 tercium
450 3176 678 3244 argumentum
706 3161 826 3224 dicitur
853 3160 942 3244 quod
967 3162 1074 3224 minor
1102 3173 1148 3223 est

124 3229 254 3347 falsa,
282 3286 356 3329 cum
385 3267 485 3330 deitas
513 3265 645 3345 Christi,
675 3267 833 3349 scriptura
865 3285 952 3327 sacra
977 3279 1008 3328 et
1038 3265 1149 3328 beatus

166 3371 278 3433 Petrus
312 3371 413 3434 relicti
444 3385 519 3434 sunt
551 3372 583 3432 in
617 3371 749 3433 ecclesia
782 3370 938 3433 militante
972 3370 1054 3431 ad
1046 3390 1148 3452 ipsam
1161 3384 1192 3437 25

166 3475 378 3558 regulandum
416 3488 447 3538 et
485 3476 552 3537 eius
591 3475 688 3537 dubia
723 3475 949 3554 decidendum,
988 3494 1052 3558 que
1091 3475 1149 3538 tria
1202 3470 1204 3475 ’

166 3581 344 3642 secundum
377 3579 539 3662 singulum
572 3600 636 3642 non
670 3594 745 3642 sunt
778 3579 887 3641 vicarii
920 3580 1022 3641 sancti
1053 3579 1149 3644 Petri.

167 3683 316 3747 Christus
340 3685 473 3748 enimin
491 3686 679 3746 ascensione
697 3704 754 3746 sua
773 3683 942 3766 dereliquit
964 3684 1151 3746 humanitus

168 3789 318 3852 deitatem
343 3809 434 3853 suam
458 3790 489 3852 in
515 3789 618 3867 terris,
645 3789 699 3849 sed
726 3808 790 3850 non
814 3788 932 3867 divisit,
956 3808 1032 3851 cum
1056 3808 1152 3871 copu-

208 3985 225 4017 s.
240 3973 283 4019 Per
297 3974 384 4018 ostium
396 3972 527 4028 Christum3
541 3974 649 4019 conteras
663 3974 777 4018 Iohannis
786 3973 815 4028 x,
829 3985 850 4029 7.
878 3972 896 4016 B
911 3973 934 4017 in
949 3985 1038 4030 marga
1053 3972 1088 4018 Ea
1106 3973 1151 4018 hiis

168 4045 245 4089 serbis
263 4046 365 4089 innoseit
384 4045 436 4100 (sle)
455 4045 508 4102 quis
529 4045 643 4089 dicendus
664 4045 693 4088 sit
708 4042 796 4089 Christi
816 4044 916 4087 sicarius
935 4043 1068 4088 secundum
1086 4054 1150 4087 eum.

169 4113 190 4157 8.
200 4121 221 4157 et
232 4115 282 4158 eius
292 4115 393 4160 sicariis.
402 4113 452 4158 Hoc
462 4116 515 4159 loco
525 4115 614 4172 aliquot
623 4115 693 4159 verba
699 4114 813 4158 excidisse
819 4113 936 4158 sidentur.
989 4110 1011 4157 8.
1020 4113 1152 4165 addiscere3

169 4184 186 4228 Β
201 4184 318 4229 addicere.
438 4194 468 4228 ar.
484 4187 505 4229 Δ
519 4187 562 4240 Α,ι
579 4185 632 4229 ideo
658 4207 681 4217 -
704 4183 841 4240 sophisticis
856 4182 929 4227 deest.
1043 4182 1077 4228 23.
1091 4182 1114 4227 Α
1129 4181 1153 4226 ia

169 4265 257 4309 marga
280 4254 343 4300 Nota
365 4255 417 4310 quis
432 4255 499 4298 debet
521 4255 592 4299 dubia
614 4254 711 4298 ecclesie
734 4251 857 4298 decidere>
961 4263 996 4311 ²7·
1019 4251 1154 4307 singulumg

169 4325 191 4367 Α
201 4323 231 4367 lis
247 4324 342 4380 sisaim.
448 4324 483 4369 28.
499 4325 550 4369 liin
562 4336 648 4381 marga
664 4322 773 4369 Christus
787 4322 810 4368 io
826 4335 870 4368 sna
880 4323 1017 4367 ascensione
1032 4320 1154 4378 dereliquit

171 4393 306 4438 humanitus
321 4395 431 4440 deitatem
445 4406 512 4439 suam
527 4394 628 4439 interris
643 4394 683 4438 sed
699 4406 747 4439 aon
762 4393 849 4438 divisis.

216 4536 238 4589 5.
256 4536 297 4589 Cf.
315 4553 375 4606 pag.
407 4536 464 4601 556,
496 4553 535 4589 aa.
643 4550 682 4588 ti.
702 4535 806 4588 Decreti
824 4535 912 4604 prims
929 4551 999 4605 pars,
1018 4537 1078 4590 dist.
1097 4538 1153 4604 XL,

172 4639 246 4692 capp.
266 4625 300 4677 v}
319 4636 345 4677 et
363 4624 417 4677 Vll.
523 4625 562 4676 23.
581 4624 714 4693 Compare
732 4638 793 4692 pag.
813 4621 872 4689 556,
892 4624 934 4678 30.
