3262 5226
484 625 653 678 soniturus
674 623 820 676 wreus.
985 601 1069 694 [cnr.
1083 616 1145 664 ιιι.

156 784 314 867 arguitur:
355 781 510 846 Caracter
545 791 594 845 cst
627 783 757 866 signum
781 781 966 862 indelebile,
1001 799 1082 864 ergo
1118 781 1248 866 si197·1

155 888 293 952 collocat
313 887 470 951 hominem
502 886 535 949 in
567 886 675 970 aliquo
696 894 795 964 statu,
822 885 1016 969 impossibile
1037 894 1086 947 est
1105 883 1147 947 ab
1215 890 1218 896 '

156 995 216 1058 illo
241 1003 330 1058 statu
352 989 512 1071 recedere,
533 990 610 1075 quin
622 989 690 1074 fiat
711 990 904 1053 contumelia
930 999 1146 1065 sacramento,

155 1096 215 1161 sed
244 1099 279 1161 in
312 1096 488 1160 minoribus
521 1094 686 1158 ordinibus
717 1094 879 1157 constituti
894 1103 1035 1176 possunt
1066 1093 1149 1155 licite

157 1201 265 1264 redire
276 1201 321 1264 ad
336 1202 480 1284 laycum,
495 1218 575 1285 ergo
590 1199 623 1262 in
639 1199 684 1262 eis
699 1209 846 1261 caracter
861 1218 925 1261 non
941 1197 1173 1281 imprimimus

158 1304 350 1381 Dicendum,
382 1303 496 1389 inquit,
527 1302 614 1387 qnod
642 1313 789 1366 caracter
824 1301 966 1365 omnium
998 1302 1148 1365 ordinum
1251 1361 1255 1368 .

159 1417 268 1472 rnanet
297 1408 330 1471 in
357 1408 468 1470 anima
499 1407 566 1471 sine
596 1396 796 1470 reuertentis
819 1407 862 1470 ad
899 1407 1052 1470 laicatuns
1083 1406 1150 1468 sire

158 1513 324 1576 morientis
357 1522 392 1574 ut
420 1511 629 1596 signaculum
661 1510 874 1574 distinctivum
896 1521 927 1574 et
949 1512 1008 1574 lsoc
1028 1511 1080 1574 rel
1106 1509 1150 1572 ad

158 1617 302 1703 gloriam
323 1616 354 1680 si
374 1615 453 1679 bene
476 1634 555 1679 usus
571 1624 629 1695 est,
643 1615 694 1678 nel
707 1612 752 1677 ad
769 1615 981 1699 ignominiam
1002 1616 1032 1681 si
1054 1615 1147 1677 male.

203 1723 328 1800 Qunrto
350 1718 495 1802 arguitur
517 1740 573 1804 per
599 1719 661 1782 hoc
683 1720 772 1803 quod
794 1729 943 1784 caracter
965 1730 1013 1784 est
1034 1720 1181 1804 signa-4

158 1827 269 1890 culum
293 1835 501 1908 perpetuum,
528 1842 666 1886 manens
691 1824 724 1886 in
746 1823 857 1886 anlnra
878 1833 1043 1908 separata,
1070 1843 1150 1909 ergo

159 1951 224 1994 uon
258 1929 349 1994 debet
380 1929 523 2011 imprimi
555 1928 617 1991 nisi
645 1927 689 1991 ad
717 1937 825 1990 actum
858 1940 1070 2012 perpetuum,·
1094 1928 1152 1991 sed

159 2046 254 2099 actus
283 2033 503 2098 ministerialis
533 2032 667 2096 istorum
689 2032 839 2096 ordinum
862 2032 1057 2118 inferiorum
1086 2052 1148 2095 non

162 2150 211 2204 est
232 2148 422 2222 perpetuus.
455 2136 540 2221 Ergo
564 2149 622 2200 etc.
654 2137 793 2213 Dicitur,
823 2135 938 2220 iuquit,
970 2135 1055 2221 quod
1086 2156 1149 2198 non

160 2253 286 2328 oportet
317 2254 351 2307 nt
382 2251 510 2305 maneat
535 2260 662 2324 semper
691 2250 847 2323 quantum
867 2241 911 2304 ad
935 2261 1029 2304 suum
1058 2241 1193 2310 mini-15

160 2349 252 2412 sterii
276 2346 363 2432 quod
387 2348 446 2410 iste
475 2364 554 2425 usus
585 2347 635 2409 nel
660 2346 782 2409 abusus
804 2348 1001 2410 convertitur
1021 2345 1054 2408 in
1074 2365 1150 2429 pre·

163 2453 265 2515 mium
296 2452 347 2516 nel
373 2450 560 2514 mercedem.
591 2450 682 2515 Unde
712 2450 852 2513 secundo
875 2449 980 2535 querit
1008 2463 1039 2514 et
1067 2464 1151 2514 tenet

162 2557 251 2641 quod
268 2557 300 2618 in
316 2556 451 2619 dirersis
474 2553 640 2618 ordinibus
662 2553 780 2617 diversi
793 2555 1025 2638 imprimuntur
1040 2574 1152 2617 carac-

162 2672 247 2725 teres
263 2660 411 2736 distlncti,
427 2670 456 2722 et
470 2658 530 2721 lroc
548 2658 701 2742 spernite,
720 2658 804 2721 sicut
824 2652 966 2736 ordines,
982 2639 1154 2742 ut'oportet

163 2785 236 2829 eum
260 2764 375 2841 dicere,
391 2773 422 2827 et
436 2762 597 2846 urguendo
618 2761 862 2847 quadrupliciter
876 2764 916 2826 ud
932 2763 1120 2847 oppositum
1133 2764 1154 2810 *
1165 2778 1226 2847 ¹97⁴

162 2868 345 2952 respondet.
378 2867 571 2944 Dicendum,
601 2865 713 2950 inquit,
744 2866 830 2948 quod
866 2868 951 2930 inter
986 2868 1152 2950 opinantes

163 2975 196 3036 in
229 2973 377 3036 omnibus
405 2971 570 3034 ordinibus
593 2990 662 3033 esse
683 2981 879 3034 caracterem
903 2971 1025 3053 duplex
1047 2973 1152 3054 opinio

164 3100 234 3143 esse
270 3078 440 3141 consuerit.
483 3075 622 3152 Quidam
654 3077 738 3139 enim
776 3075 881 3138 dicere
918 3058 1029 3139 nolunt
1069 3076 1154 3159 quod

164 3204 275 3247 orrsnes
298 3182 425 3244 ordines
458 3181 490 3242 in
523 3200 586 3242 uno
614 3191 778 3244 caractere
800 3179 976 3259 uniuntur,·
999 3180 1154 3265 differunt

165 3299 271 3351 tamen
302 3286 478 3353 secundum
511 3285 665 3347 maiorem
693 3285 910 3367 implecionem
934 3295 964 3348 et
986 3287 1154 3364 minorem,
1165 3308 1197 3360 25

164 3393 247 3455 sicut
277 3393 307 3455 si
335 3391 483 3474 sigillum
515 3389 721 3471 imprimatur
751 3391 783 3452 in
815 3409 889 3453 cera
912 3391 1011 3468 tenui,
1042 3391 1154 3455 deinde

154 3497 289 3581 sorcius
319 3496 370 3558 rel
400 3492 553 3575 amplius,
571 3495 735 3576 paulatine
750 3495 954 3577 procedendo
976 3497 1152 3560 secundnm

162 3602 240 3685 plus
272 3610 303 3663 et
328 3600 406 3683 plus
439 3616 606 3682 quousque
632 3600 843 3681 perveniatur
864 3600 908 3663 ad
928 3611 1049 3663 statum
1075 3622 1153 3685 per·

154 3705 295 3789 sectum.
321 3703 355 3765 Si
375 3713 484 3766 autem
506 3722 624 3786 qneras
656 3723 717 3786 que
748 3705 790 3767 sit
811 3707 900 3768 racio
922 3707 997 3770 talis
1020 3708 1152 3789 impres-

165 3809 277 3888 sionis,
321 3807 496 3891 respondeo
539 3805 673 3870 breniter
714 3807 799 3891 quod
838 3810 898 3872 lroc
939 3820 987 3873 est
1017 3823 1154 3895 propter
1162 3828 1197 3880 30

207 4098 230 4145 6.
253 4099 275 4144 Α
295 4098 319 4144 irs
339 4109 427 4152 mergo
451 4095 589 4153 Responsio.
694 4095 716 4142 8.
734 4098 757 4143 Α
771 4100 814 4155 Ap
838 4096 985 4154 signscuium
999 4100 1152 4155 destituturus

169 4166 200 4212 ss
215 4167 361 4213 distinctum.
453 4164 481 4219 β.
497 4164 532 4209 Bt
546 4164 691 4212 ministrans.
786 4179 818 4220 ¹4·
832 4168 854 4212 Α
868 4167 893 4212 in
908 4181 996 4223 marg:
1010 4168 1151 4228 Responsio.

169 4249 200 4294 ¹7·
215 4241 236 4282 Α
251 4237 275 4282 in
290 4247 373 4292 msrgs
391 4233 490 4292 Opinio.
570 4232 603 4280 ss.
618 4234 649 4279 Bs
666 4234 765 4280 dirersis
783 4235 958 4293 imprimuntur.
1043 4236 1077 4283 2³.
1091 4240 1114 4285 A
1127 4240 1151 4285 in

169 4317 256 4362 murga
272 4304 363 4363 Duplex
376 4304 467 4363 opinio.
572 4301 604 4350 u.
619 4305 641 4350 Α
654 4303 678 4349 in
693 4316 781 4361 mergo
796 4304 881 4350 Prius.

214 4552 255 4603 25.
274 4552 375 4604 Bonos.
394 4552 411 4602 l.
429 4565 464 4603 us
482 4548 613 4604 minorem
632 4551 853 4623 complexionem.
