3262 5226
156 358 228 443 324
417 348 423 357 '
706 368 877 425 mulmis
891 366 1038 425 vvcnra
1100 386 1104 391 ·
1194 346 1281 441 [crs.
1295 364 1357 413 xrs.

377 526 520 595 melmae
540 528 648 593 &ndo
668 524 842 591 connitum
867 522 902 589 in
923 522 979 601 tali
1001 524 1139 610 primm
1171 523 1357 609 dignitatem
1369 537 1471 612 ¹7⁴⁸ss

378 646 411 699 et
438 632 650 699 maioritatem
673 628 856 717 simpliciter
885 628 995 716 quaed
1016 626 1132 712 Deum,
1168 628 1244 714 quie
1279 628 1357 694 illud

377 750 611 803 sumememum
630 754 698 799 non
719 746 766 799 est
787 730 949 799 landabile
970 732 1186 899 essoripmrp
1207 752 1304 852 sacra.

158 836 1383 1055 permutas

178 1010 243 1119 iun
254 1070 281 1107 ιο
295 1009 354 1108 viiie
377 1046 508 1113 nacione
525 1046 619 1131 civili,
632 1046 688 1113 md
703 1066 830 1111 summe
846 1044 982 1111 stulticia
994 1042 1077 1111 toret
1089 1065 1128 1110 ex
1142 1044 1211 1111 istis
1225 1045 1354 1111 conclu·

376 1152 450 1217 dere
471 1152 559 1238 quod
577 1150 683 1215 omnb
699 1148 846 1215 sacerdos
858 1148 952 1215 debet
973 1148 1180 1213 excellencius
1201 1149 1357 1214 dominari

377 1254 516 1322 civiliter.
545 1256 630 1319 Nam
651 1253 737 1319 iuxta
757 1252 851 1317 istam
875 1252 1037 1318 vesaniam
1063 1268 1249 1339 sequeretur
1268 1243 1357 1340 qaod

376 1358 465 1424 Deus
484 1372 518 1425 et
535 1378 648 1424 omnes
661 1356 766 1442 angeli
780 1356 987 1423 excellencius
1000 1377 1100 1443 quam
1113 1377 1198 1443 papa
1212 1357 1359 1423 domina·

376 1476 485 1529 rentur
498 1462 638 1531 civiliter.
659 1462 720 1527 iste
741 1481 817 1546 crgo
834 1460 1002 1547 dignitates
1015 1461 1049 1526 in
1063 1482 1149 1547 pape
1170 1476 1203 1527 et
1216 1462 1353 1548 impera·
1371 1494 1403 1533 to

377 1582 448 1633 tore
467 1582 543 1634 sunt
561 1566 736 1653 disparium
750 1564 927 1651 specierum
948 1585 1007 1631 nec
1028 1580 1103 1633 sunt
1118 1566 1360 1653 compossibiles

377 1670 411 1735 in
425 1672 536 1737 eodem
544 1692 679 1757 persona
688 1668 822 1755 simplici
832 1684 963 1756 propter
968 1670 1246 1756 imperfeccionem
1260 1691 1359 1757 quam

377 1773 460 1861 sapit
480 1776 571 1842 civile
592 1774 782 1840 dominium.
805 1776 898 1840 Unde
918 1775 1042 1861 passiva
1064 1774 1290 1841 elemosinacio
1312 1790 1359 1840 est

377 1878 549 1966 pesleccioe
568 1902 667 1967 quem
688 1879 786 1945 civilis
807 1878 1001 1965 dominacio,
1026 1893 1059 1946 et
1090 1878 1143 1968 (ut
1173 1879 1249 1945 alias
1279 1876 1358 1962 dixi)

376 1998 488 2051 vocate
508 1984 638 2050 civilitas
658 1984 692 2049 in
717 1982 818 2050 mixto
846 1982 961 2049 clerico
990 1983 1064 2050 lacit
1093 1984 1275 2050 subiectum
1296 1984 1357 2048 im·
1370 1999 1401 2053 ὠ

377 2087 560 2174 perleccius,
590 2109 687 2178 quem
716 2087 796 2154 foret
815 2108 900 2175 pure
915 2088 1048 2155 clericus
1077 2088 1189 2153 ceteris
1219 2088 1357 2173 paribus.

421 2194 463 2258 Et
483 2207 640 2281 quantum
660 2192 701 2258 od
727 2192 948 2259 auctoritatem
973 2192 1123 2278 apostoli,
1155 2194 1391 2266 Hebreorumn

378 2298 463 2381 Vll⁰,
485 2319 517 2385 7,
538 2296 651 2363 dicitur
670 2297 759 2383 quod
788 2295 847 2381 (sic
876 2296 972 2363 babet
998 2310 1103 2367 textus
1134 2294 1256 2385 noster)
1288 2299 1358 2363 sine

378 2403 448 2467 ulla
470 2412 577 2467 autem
596 2401 856 2467 contradiccioae
878 2401 967 2487 quod
986 2402 1095 2467 minus
1115 2411 1167 2468 est
1188 2422 1209 2466 a
1230 2403 1358 2469 meliori

377 2506 593 2586 benedicito&
634 2507 723 2594 quod
763 2505 1004 2592 intelligendum
1049 2508 1090 2573 de
1132 2500 1401 2576 benediccionem

377 2610 604 2691 auctoritativa,
626 2631 692 2675 non
712 2609 848 2697 positive
868 2610 960 2677 obice
981 2611 1015 2676 in
1036 2610 1251 2677 benedicente.
1273 2612 1357 2675 Nam

377 2714 486 2781 omnis
507 2734 604 2799 opem
623 2712 746 2779 domini
767 2713 958 2781 benedicunt
978 2716 1120 2799 creatori,
1149 2729 1180 2782 et
1202 2716 1358 2799 sacerdos,

378 2819 558 2884 membrum
588 2818 715 2902 diaboli,
750 2818 906 2885 benedicit
933 2821 1156 2905 predestinato,
1193 2820 1355 2886 carissimo

163 2922 1279 3100 ³leitila?{flll‘l'zltl‘ll‘llz
1295 2926 1400 3117 iiia

82 3176 86 3183 .
170 3093 228 3242 dip}
240 3094 364 3203 iiiemii‘
379 3051 533 3216 guantum
565 3129 761 3219 huiusmodi)
793 3130 843 3195 cui
873 3132 1060 3217 potestative
1093 3052 1260 3201 benedicit.
1297 3134 1358 3198 Sed

222 3209 326 3255 mperes,
379 3237 472 3321 longe
487 3236 548 3299 hoc
563 3237 604 3299 ad
617 3234 816 3301 inferendum
835 3238 924 3322 quod
941 3236 1070 3301 clericus
1085 3238 1180 3302 debet
1201 3237 1358 3302 dominari

379 3340 517 3421 civiliter,
548 3360 622 3404 cum
644 3339 770 3404 racione
797 3340 981 3405 maioritutis
1003 3341 1136 3407 infertur
1159 3340 1356 3425 oppositum.

380 3443 519 3509 Clericus
542 3464 616 3528 ergo
642 3446 734 3510 debet
764 3444 913 3529 aufugere
935 3446 1119 3530 primatum,
1157 3444 1292 3530 gloriam
1323 3461 1355 3511 et

380 3548 598 3614 excellenciam
620 3549 725 3634 quoad
740 3549 909 3632 mundum,
931 3563 963 3614 et
984 3548 1017 3613 in
1038 3549 1100 3614 hoc
1120 3548 1266 3615 consistit
1290 3548 1357 3614 eius
1367 3566 1401 3619 30

379 3652 538 3717 maioritas
560 3654 669 3738 quoad
690 3654 803 3717 Deum.
842 3655 907 3718 Nec
929 3653 1022 3718 video
1050 3655 1218 3740 quomodo
1241 3652 1355 3718 lunda·

380 3758 466 3822 bitur
486 3777 562 3840 pure
585 3778 622 3820 ex
644 3755 706 3822 fide
721 3757 871 3842 scripture
887 3759 976 3844 quod
990 3772 1116 3842 oportet
1131 3757 1356 3843 imperatorem

379 3860 518 3945 accipere
537 3859 705 3945 imperium
727 3882 745 3924 a
767 3882 828 3926 suo
851 3861 1009 3947 pontifice.
1037 3863 1231 3927 Consonum
1252 3875 1357 3956 tamen

164 3987 202 4073 ⁰r'n
202 3978 237 4074 p,
238 3979 304 4074 ⁸'new
304 3989 370 4075 puppe
379 3979 426 4030 est
457 3966 542 4050 quod
572 3955 732 4030 benedicat
759 3967 859 4031 electo
890 3981 1054 4051 tamquam
1080 3966 1225 4052 superior
1251 3968 1358 4051 quoad

190 4081 220 4125 be
233 4080 344 4127 married.

419 4167 452 4214 to.
466 4169 501 4213 Aa
516 4167 599 4214 ceteris
608 4168 763 4227 pauperibus:
777 4172 808 4227 Α,
817 4171 929 4224 correxit:
944 4170 986 4216 sed
996 4169 1092 4227 peribus
1101 4170 1150 4217 lam
1159 4176 1229 4217 estet.
1288 4169 1321 4215 23.
1331 4168 1361 4233 lu¹

379 4236 461 4282 cudda
475 4237 588 4285 membre.
690 4236 724 4283 ³2.
739 4239 756 4283 Β
770 4238 793 4283 ir
808 4250 894 4297 meras
909 4239 1027 4296 Accepcio
1041 4237 1135 4298 imperil
1149 4250 1196 4285 nou
1210 4237 1321 4284 teneatur
1333 4237 1357 4284 is

380 4304 424 4351 fids
437 4313 477 4351 sut
490 4304 614 4365 scripture.
