3262 5226
487 695 658 750 ronanus
671 695 824 760 ,wicum
979 674 1159 767 [cmxnn

169 853 425 938 prefecturarum
448 870 480 918 et
501 855 542 917 de
574 853 686 918 multis
719 852 897 939 privilegiis
921 868 954 917 et
982 855 1159 918 terroribus
1170 868 1275 923 ,σφα

171 973 395 1041 censurarum;
412 959 485 1022 ideo
508 958 586 1022 tales
610 958 699 1042 apud
717 959 824 1022 Deum
847 959 1018 1023 incurrunt
1041 978 1159 1042 penam

170 1062 287 1128 falsarii
320 1079 350 1128 et
373 1079 450 1129 sunt
471 1063 556 1146 apud
584 1075 747 1145 potentes,
776 1064 913 1128 scientes
946 1079 978 1127 et
1010 1063 1160 1126 ordinate

172 1168 314 1232 volentes
347 1167 529 1232 notabiliter
560 1167 745 1232 renotandi.
781 1166 891 1252 Caput
914 1188 992 1251 ergo
1025 1167 1159 1231 ecclesie

171 1272 320 1337 Christus
353 1294 428 1338 cunr
460 1273 618 1359 scriptura
651 1293 709 1336 sua
745 1287 778 1337 et
814 1273 933 1337 sanctis
970 1272 1186 1342 doctoribus5

170 1378 265 1442 debet
287 1398 357 1442 esse
378 1378 487 1461 regula
511 1376 642 1442 ecclesie
667 1378 700 1441 in
724 1377 833 1442 dubiis
857 1376 1056 1442 decidendis.

121 1531 122 1535 ,
214 1481 363 1546 Secundo
391 1483 606 1567 principaliter
639 1494 738 1546 restat
772 1482 901 1547 obicere
934 1497 1046 1546 contra
1070 1481 1198 1551 fictasn

170 1587 403 1685 indulgenciasp
425 1604 458 1650 et
478 1587 585 1671 primo
603 1602 718 1650 contra
740 1587 939 1652 sentenciam
962 1607 1028 1672 qne
1056 1586 1159 1669 impo-

171 1691 257 1754 nitur
280 1681 392 1755 sancto
415 1690 553 1772 Thome,
577 1692 656 1776 quia
671 1692 704 1755 in
721 1691 782 1756 ista
803 1693 938 1755 materis
959 1691 1159 1755 concordant

170 1795 318 1858 doctores
341 1793 406 1874 alii,
430 1809 494 1858 tarn
519 1794 690 1873 decretiste
712 1815 812 1879 quant
837 1795 991 1879 theologi.
1172 1824 1204 1863 ιο

119 1911 153 2008 Ιοἱ
213 1900 323 1964 Primo
339 1895 500 1987 (inquam)
517 1900 647 1963 videtur
669 1902 759 1984 quod
782 1914 1014 1984 supererogata
1044 1900 1182 1968 meritat

119 2029 150 2125 p·
170 2003 292 2068 Christi
316 2019 348 2067 et
370 2006 591 2095 membrorum
614 2024 751 2068 suorum
775 2005 854 2069 olim
879 2006 1090 2087 transierunt,
1127 2019 1159 2067 et

169 2130 225 2193 per
240 2129 438 2195 consequens
456 2112 505 2175 vel
518 2129 584 2173 non
598 2124 675 2174 sunt
693 2111 755 2191 vel,
775 2110 802 2174 si
826 2124 902 2174 sunt
921 2131 984 2195 pro
998 2129 1059 2174 suo
1078 2124 1158 2173 tem·

168 2233 256 2296 pore,
278 2228 354 2278 sunt
366 2228 453 2279 extra
464 2228 659 2297 potestatem
678 2214 877 2278 ordinariam
895 2215 961 2279 iam
977 2214 1159 2299 superstitis

170 2318 309 2382 Romani
324 2317 496 2401 pontificis.
513 2317 600 2396 Quid
614 2315 747 2405 (queso)
760 2319 843 2383 valet
860 2316 982 2402 fingere
998 2320 1086 2404 quod
1100 2321 1159 2383 iste
1173 2338 1202 2390 ,5

170 2421 344 2506 Gregorius
369 2423 425 2487 xt.
456 2423 616 2486 ordinavit
649 2436 681 2486 et
717 2423 858 2488 instituit
892 2424 1154 2510 utymmolacio

169 2526 270 2591 Ysaac
285 2542 317 2590 et
340 2542 443 2591 cetera
467 2526 578 2591 merita
592 2541 726 2611 patrum
751 2541 878 2592 tantum
902 2529 1154 2612 precedencium

168 2632 200 2695 in
225 2645 361 2715 utroque
378 2646 569 2695 testamento
592 2631 714 2695 valeret
737 2632 777 2694 ad
801 2632 1048 2696 ordinacionem
1063 2654 1156 2697 suam

170 2750 308 2819 cognato
342 2756 402 2800 suo
433 2736 494 2799 iam
527 2730 677 2800 mortuo?
709 2736 784 2800 Non
808 2737 896 2800 enim
920 2737 1004 2800 valet
1037 2734 1159 2820 lingere

169 2842 336 2905 mendacia
357 2839 568 2905 infundabilia
585 2855 721 2925 propter
735 2840 959 2904 extollenciam
977 2843 1158 2923 potestatis.
1170 2877 1204 2914 20

170 2947 346 3024 Quomodo
362 2941 471 3032 (rogo)
493 2958 540 3008 est
568 2946 663 3030 copia
686 2945 957 3030 meritorumque
981 2967 1047 3009 non
1072 2961 1159 3028 sunt,

119 3062 225 3157 plaut
260 3051 426 3135 quomodo
458 3067 522 3115 tam
551 3051 763 3115 determinate
796 3052 883 3133 lapsa
912 3052 945 3113 in
969 3053 1161 3135 preteritum

172 3175 244 3217 cum
255 3156 406 3217 omnibus
424 3155 488 3218 suis
504 3154 704 3237 appendiciis
720 3170 796 3218 sunt
813 3155 844 3216 in
861 3164 1024 3238 potestate
1038 3171 1160 3234 nostra,

172 3279 243 3322 cum
277 3260 381 3321 omnis
413 3274 502 3322 actus
535 3279 632 3342 quern
668 3279 727 3322 nos
763 3259 825 3343 ipsi
849 3258 986 3322 lecimus
1015 3262 1162 3343 preteriit

171 3379 362 3446 potestatem
396 3358 557 3426 nostram?
591 3363 771 3440 Quomodo
794 3385 873 3447 ergo
897 3365 1065 3428 distribuit
1092 3366 1205 3447 ipse25

172 3469 229 3531 ista
254 3488 350 3551 opera
374 3488 436 3553 que
460 3489 523 3531 non
547 3468 679 3531 suntin
702 3482 865 3551 potestate
891 3464 967 3533 sua?
989 3470 1056 3533 Nec
1080 3472 1162 3533 valet

174 3569 292 3655 fingere
316 3572 404 3656 quod
429 3572 592 3635 distribuit
617 3572 745 3635 fructus
761 3574 900 3637 istorum
918 3595 1069 3657 operum,
1086 3575 1161 3659 quia

172 3678 217 3739 illi
239 3698 302 3740 non
324 3694 399 3740 sunt
421 3677 479 3739 nisi
500 3678 622 3759 premia
647 3696 710 3761 que
734 3694 811 3742 sunt
835 3681 1054 3742 beatitudines
1082 3701 1162 3765 quas

175 3801 238 3843 non
262 3797 309 3844 est
333 3783 365 3844 in
388 3797 549 3864 potestate
573 3802 632 3844 sua
656 3803 672 3843 a
699 3785 800 3847 beatis
824 3785 953 3848 auferre
977 3787 1026 3846 vel
1051 3805 1162 3867 pecca·

175 3887 297 3949 toribus
321 3889 452 3966 donare,
476 3887 552 3971 quia
575 3902 653 3949 tunc
679 3886 868 3952 bonificaret
885 3909 952 3970 eos,
970 3891 1060 3972 quod
1078 3889 1207 3958 loret3o

175 3991 419 4054 deliramentum
442 4011 593 4055 asserere.

217 4096 308 4174 Item,
332 4097 482 4159 omnibus
499 4096 601 4157 beatis
618 4092 796 4160 diffinitum
814 4113 861 4161 est
877 4120 895 4160 a
913 4099 983 4162 Deo
999 4101 1192 4184 premium2

144 4200 380 4287 *beatitudinis
415 4199 703 4282 correspondenter
736 4202 777 4262 ad
810 4204 922 4266 omnia
955 4204 1070 4268 merita
1093 4225 1162 4288 sua,

213 4433 229 4466 t.
251 4424 274 4468 Α
296 4423 330 4477 (ut
345 4421 458 4478 saepiuela
479 4421 621 4478 pannagiis.
742 4421 762 4468 5.
781 4424 804 4468 Α
818 4424 863 4478 Aa
884 4425 988 4469 selencia
1016 4424 1165 4471 doctoribus.

174 4503 195 4547 7.
208 4491 230 4536 Α
244 4491 267 4535 ln
282 4503 370 4544 merge
385 4490 520 4536 Secundum
535 4490 674 4547 principale.
768 4502 794 4535 tr.
810 4493 835 4537 Α
847 4493 871 4537 ln
887 4504 977 4548 marga
997 4492 1043 4539 Hie
1056 4497 1166 4550 arguitur

174 4568 255 4604 eontra
270 4561 334 4605 lictae
348 4569 371 4604 et
385 4560 457 4604 lnlsss
470 4560 642 4615 lodulgencras.
724 4572 753 4605 rs.
778 4560 808 4604 lla
824 4563 974 4607 transierant
1038 4562 1071 4608 rs.
1086 4564 1118 4610 Be
1134 4564 1164 4610 ad

175 4628 349 4674 ordinacionem
364 4638 496 4687 -propter
517 4631 590 4674 deest.
698 4631 732 4676 ie.
754 4631 777 4675 Α
795 4632 841 4688 Αμ
862 4631 998 4679 districtum
1020 4642 1056 4678 est
1078 4632 1165 4679 abeo.
