<?xml version="1.0" encoding="UTF-8"?>
<!DOCTYPE html PUBLIC "-//W3C//DTD XHTML 1.0 Transitional//EN"
    "http://www.w3.org/TR/xhtml1/DTD/xhtml1-transitional.dtd">
<html xmlns="http://www.w3.org/1999/xhtml" xml:lang="en" lang="en">
 <head>
  <title>
</title>
<meta http-equiv="Content-Type" content="text/html;charset=utf-8" />
  <meta name='ocr-system' content='tesseract 3.04.00' />
  <meta name='ocr-capabilities' content='ocr_page ocr_carea ocr_par ocr_line ocrx_word'/>
</head>
<body>
  <div class='ocr_page' id='page_1' title='image "./iohanniswyclift00mattgoog_0270.png"; bbox 0 0 3262 5226; ppageno 0'>
   <div class='ocr_carea' id='block_1_1' title="bbox 120 322 1006 453">
    <p class='ocr_par' dir='ltr' id='par_1_1' title="bbox 120 322 1006 453">
     <span class='ocr_line' id='line_1_1' title="bbox 120 322 1006 453; baseline 0.014 -66"><span class='ocrx_word' id='word_1_1' title='bbox 120 357 124 398; x_wconf 80' lang='lat'>;</span> <span class='ocrx_word' id='word_1_2' title='bbox 152 384 159 453; x_wconf 40' lang='grc' dir='ltr'><em>ξ</em></span> <span class='ocrx_word' id='word_1_3' title='bbox 399 322 534 418; x_wconf 69' lang='lat' dir='ltr'>cnm]</span> <span class='ocrx_word' id='word_1_4' title='bbox 766 342 813 396; x_wconf 76' lang='lat' dir='ltr'>ou</span> <span class='ocrx_word' id='word_1_5' title='bbox 829 342 1006 397; x_wconf 69' lang='lat' dir='ltr'>ncctssstn</span> 
     </span>
    </p>
   </div>
   <div class='ocr_carea' id='block_1_2' title="bbox 286 496 1610 1527">
    <p class='ocr_par' dir='ltr' id='par_1_2' title="bbox 286 496 1610 1527">
     <span class='ocr_line' id='line_1_2' title="bbox 286 496 1387 583; baseline -0.005 -17"><span class='ocrx_word' id='word_1_6' title='bbox 286 504 484 583; x_wconf 56' lang='lat' dir='ltr'>orevdere,</span> <span class='ocrx_word' id='word_1_7' title='bbox 518 522 558 565; x_wconf 93' lang='lat' dir='ltr'>ne</span> <span class='ocrx_word' id='word_1_8' title='bbox 592 500 778 565; x_wconf 74' lang='lat' dir='ltr'>subtrahant</span> <span class='ocrx_word' id='word_1_9' title='bbox 809 499 966 565; x_wconf 80' lang='lat' dir='ltr'>iusticiam</span> <span class='ocrx_word' id='word_1_10' title='bbox 996 500 1046 563; x_wconf 87' lang='lat' dir='ltr'>vel</span> <span class='ocrx_word' id='word_1_11' title='bbox 1077 496 1212 564; x_wconf 83' lang='lat' dir='ltr'>inierant</span> <span class='ocrx_word' id='word_1_12' title='bbox 1235 497 1387 562; x_wconf 80' lang='lat' dir='ltr'>iniuriam</span> 
     </span>
     <span class='ocr_line' id='line_1_3' title="bbox 399 601 1385 690; baseline -0.005 -20"><span class='ocrx_word' id='word_1_13' title='bbox 399 606 503 671; x_wconf 86' lang='lat' dir='ltr'>alicui.</span> <span class='ocrx_word' id='word_1_14' title='bbox 537 605 629 671; x_wconf 85' lang='lat' dir='ltr'>Unde</span> <span class='ocrx_word' id='word_1_15' title='bbox 652 604 765 684; x_wconf 77' lang='lat' dir='ltr'><strong>XXV¹,</strong></span> <span class='ocrx_word' id='word_1_16' title='bbox 796 626 828 690; x_wconf 88' lang='lat' dir='ltr'>q.</span> <span class='ocrx_word' id='word_1_17' title='bbox 852 605 890 689; x_wconf 91' lang='lat'>11,</span> <span class='ocrx_word' id='word_1_18' title='bbox 932 603 1026 682; x_wconf 85' lang='lat' dir='ltr'>Quod</span> <span class='ocrx_word' id='word_1_19' title='bbox 1054 604 1143 687; x_wconf 80' lang='lat' dir='ltr'>uerri,</span> <span class='ocrx_word' id='word_1_20' title='bbox 1164 602 1240 669; x_wconf 87' lang='lat' dir='ltr'>dicit</span> <span class='ocrx_word' id='word_1_21' title='bbox 1262 601 1385 687; x_wconf 76' lang='lat' dir='ltr'>Grego-</span> 
     </span>
     <span class='ocr_line' id='line_1_4' title="bbox 400 708 1384 775; baseline -0.004 -1"><span class='ocrx_word' id='word_1_22' title='bbox 400 711 479 775; x_wconf 80' lang='lat' dir='ltr'>rius:</span> <span class='ocrx_word' id='word_1_23' title='bbox 521 708 611 774; x_wconf 77' lang='lat' dir='ltr'>Absit</span> <span class='ocrx_word' id='word_1_24' title='bbox 647 710 707 773; x_wconf 82' lang='lat' dir='ltr'>lroe</span> <span class='ocrx_word' id='word_1_25' title='bbox 738 727 759 771; x_wconf 87' lang='lat' dir='ltr'>a</span> <span class='ocrx_word' id='word_1_26' title='bbox 791 729 841 775; x_wconf 91' lang='lat' dir='ltr'>me</span> <span class='ocrx_word' id='word_1_27' title='bbox 876 719 911 772; x_wconf 89' lang='lat' dir='ltr'>ut</span> <span class='ocrx_word' id='word_1_28' title='bbox 945 718 1070 773; x_wconf 80' lang='lat' dir='ltr'>statuta</span> <span class='ocrx_word' id='word_1_29' title='bbox 1105 711 1268 774; x_wconf 87' lang='lat' dir='ltr'>maiorum</span> <span class='ocrx_word' id='word_1_30' title='bbox 1308 725 1384 771; x_wconf 78' lang='lat' dir='ltr'>curn</span> 
     </span>
     <span class='ocr_line' id='line_1_5' title="bbox 399 811 1385 901; baseline -0.007 -20"><span class='ocrx_word' id='word_1_31' title='bbox 399 811 624 881; x_wconf 81' lang='lat' dir='ltr'>sacerdotibus</span> <span class='ocrx_word' id='word_1_32' title='bbox 660 814 741 878; x_wconf 85' lang='lat' dir='ltr'>meir</span> <span class='ocrx_word' id='word_1_33' title='bbox 777 815 811 879; x_wconf 90' lang='lat' dir='ltr'>in</span> <span class='ocrx_word' id='word_1_34' title='bbox 847 814 991 899; x_wconf 82' lang='lat' dir='ltr'>qualibet</span> <span class='ocrx_word' id='word_1_35' title='bbox 1020 814 1156 879; x_wconf 83' lang='lat' dir='ltr'>ecclesia</span> <span class='ocrx_word' id='word_1_36' title='bbox 1188 811 1385 901; x_wconf 74' lang='lat' dir='ltr'><em>infringam,</em></span> 
     </span>
     <span class='ocr_line' id='line_1_6' title="bbox 375 917 1385 1006; baseline -0.003 -24"><span class='ocrx_word' id='word_1_37' title='bbox 375 921 477 1004; x_wconf 78' lang='lat' dir='ltr'>squia</span> <span class='ocrx_word' id='word_1_38' title='bbox 509 918 590 983; x_wconf 84' lang='lat' dir='ltr'>milri</span> <span class='ocrx_word' id='word_1_39' title='bbox 620 920 777 983; x_wconf 85' lang='lat' dir='ltr'>iniuriam</span> <span class='ocrx_word' id='word_1_40' title='bbox 790 919 899 1006; x_wconf 81' lang='lat' dir='ltr'>sario,</span> <span class='ocrx_word' id='word_1_41' title='bbox 921 920 951 985; x_wconf 82' lang='lat' dir='ltr'>si</span> <span class='ocrx_word' id='word_1_42' title='bbox 961 919 1118 1006; x_wconf 81' lang='lat' dir='ltr'>fratrum</span> <span class='ocrx_word' id='word_1_43' title='bbox 1140 937 1285 984; x_wconf 85' lang='lat' dir='ltr'>meorum</span> <span class='ocrx_word' id='word_1_44' title='bbox 1308 917 1385 980; x_wconf 84' lang='lat' dir='ltr'>iura</span> 
     </span>
     <span class='ocr_line' id='line_1_7' title="bbox 393 1022 1385 1108; baseline -0.005 -19"><span class='ocrx_word' id='word_1_45' title='bbox 393 1024 566 1107; x_wconf 79' lang='lat' dir='ltr'>perturbo.</span> <span class='ocrx_word' id='word_1_46' title='bbox 612 1024 653 1087; x_wconf 84' lang='lat' dir='ltr'>Et</span> <span class='ocrx_word' id='word_1_47' title='bbox 675 1022 805 1087; x_wconf 82' lang='lat' dir='ltr'>indubie</span> <span class='ocrx_word' id='word_1_48' title='bbox 826 1022 911 1088; x_wconf 84' lang='lat' dir='ltr'>idern</span> <span class='ocrx_word' id='word_1_49' title='bbox 938 1022 1019 1089; x_wconf 90' lang='lat' dir='ltr'>loret</span> <span class='ocrx_word' id='word_1_50' title='bbox 1051 1022 1207 1088; x_wconf 88' lang='lat' dir='ltr'>iudicium</span> <span class='ocrx_word' id='word_1_51' title='bbox 1231 1023 1272 1085; x_wconf 87' lang='lat' dir='ltr'>de</span> <span class='ocrx_word' id='word_1_52' title='bbox 1300 1040 1385 1108; x_wconf 84' lang='lat' dir='ltr'>qno·</span> 
     </span>
     <span class='ocr_line' id='line_1_8' title="bbox 400 1124 1384 1213; baseline -0.004 -21"><span class='ocrx_word' id='word_1_53' title='bbox 400 1129 476 1193; x_wconf 91' lang='lat' dir='ltr'>libet</span> <span class='ocrx_word' id='word_1_54' title='bbox 496 1127 628 1208; x_wconf 83' lang='lat' dir='ltr'>viatore,</span> <span class='ocrx_word' id='word_1_55' title='bbox 659 1127 750 1213; x_wconf 87' lang='lat' dir='ltr'>quod</span> <span class='ocrx_word' id='word_1_56' title='bbox 772 1126 798 1191; x_wconf 81' lang='lat' dir='ltr'>si</span> <span class='ocrx_word' id='word_1_57' title='bbox 820 1126 1048 1212; x_wconf 78' lang='lat' dir='ltr'>privilegiando</span> <span class='ocrx_word' id='word_1_58' title='bbox 1069 1127 1227 1213; x_wconf 88' lang='lat' dir='ltr'>precludit</span> <span class='ocrx_word' id='word_1_59' title='bbox 1252 1124 1384 1191; x_wconf 70' lang='lat' dir='ltr'>cuicum</span> 
     </span>
     <span class='ocr_line' id='line_1_9' title="bbox 400 1229 1386 1319; baseline -0.005 -21"><span class='ocrx_word' id='word_1_60' title='bbox 400 1254 462 1319; x_wconf 87' lang='lat' dir='ltr'>que</span> <span class='ocrx_word' id='word_1_61' title='bbox 475 1232 643 1314; x_wconf 78' lang='lat' dir='ltr'>iusticiam,</span> <span class='ocrx_word' id='word_1_62' title='bbox 652 1229 857 1316; x_wconf 84' lang='lat' dir='ltr'>dampnificat</span> <span class='ocrx_word' id='word_1_63' title='bbox 871 1245 936 1296; x_wconf 90' lang='lat' dir='ltr'>tam</span> <span class='ocrx_word' id='word_1_64' title='bbox 951 1253 985 1297; x_wconf 81' lang='lat' dir='ltr'>se</span> <span class='ocrx_word' id='word_1_65' title='bbox 998 1252 1097 1318; x_wconf 88' lang='lat' dir='ltr'>quarn</span> <span class='ocrx_word' id='word_1_66' title='bbox 1106 1230 1386 1317; x_wconf 76' lang='lat' dir='ltr'>privilegiandum3</span> 
     </span>
     <span class='ocr_line' id='line_1_10' title="bbox 399 1335 969 1424; baseline -0.002 -21"><span class='ocrx_word' id='word_1_67' title='bbox 399 1338 488 1424; x_wconf 94' lang='lat' dir='ltr'>quod</span> <span class='ocrx_word' id='word_1_68' title='bbox 510 1358 578 1402; x_wconf 92' lang='lat' dir='ltr'>non</span> <span class='ocrx_word' id='word_1_69' title='bbox 600 1336 674 1401; x_wconf 88' lang='lat' dir='ltr'>licet</span> <span class='ocrx_word' id='word_1_70' title='bbox 695 1336 746 1399; x_wconf 85' lang='lat' dir='ltr'>vel</span> <span class='ocrx_word' id='word_1_71' title='bbox 768 1335 837 1401; x_wconf 83' lang='lat' dir='ltr'>Deo</span> <span class='ocrx_word' id='word_1_72' title='bbox 859 1335 969 1402; x_wconf 86' lang='lat' dir='ltr'>lacere.</span> 
     </span>
     <span class='ocr_line' id='line_1_11' title="bbox 359 1438 1610 1527; baseline -0.005 -16"><span class='ocrx_word' id='word_1_73' title='bbox 359 1455 388 1511; x_wconf 84' lang='lat'>1&gt;</span> <span class='ocrx_word' id='word_1_74' title='bbox 443 1444 490 1507; x_wconf 85' lang='lat' dir='ltr'>Ex</span> <span class='ocrx_word' id='word_1_75' title='bbox 512 1442 580 1507; x_wconf 86' lang='lat' dir='ltr'>irtis</span> <span class='ocrx_word' id='word_1_76' title='bbox 608 1441 751 1505; x_wconf 81' lang='lat' dir='ltr'>secundo</span> <span class='ocrx_word' id='word_1_77' title='bbox 774 1439 915 1526; x_wconf 79' lang='lat' dir='ltr'>sequitur</span> <span class='ocrx_word' id='word_1_78' title='bbox 935 1441 1025 1527; x_wconf 89' lang='lat' dir='ltr'>quod</span> <span class='ocrx_word' id='word_1_79' title='bbox 1047 1440 1172 1527; x_wconf 79' lang='lat' dir='ltr'>fugitivi</span> <span class='ocrx_word' id='word_1_80' title='bbox 1195 1438 1384 1526; x_wconf 81' lang='lat' dir='ltr'>privilegiati</span> <span class='ocrx_word' id='word_1_81' title='bbox 1393 1444 1480 1494; x_wconf 71' lang='lat' dir='ltr'>tte-e·</span> <span class='ocrx_word' id='word_1_82' title='bbox 1498 1447 1610 1505; x_wconf 62' lang='lat' dir='ltr'>rugium</span> 
     </span>
    </p>
   </div>
   <div class='ocr_carea' id='block_1_3' title="bbox 399 1503 1607 1628">
    <p class='ocr_par' dir='ltr' id='par_1_3' title="bbox 399 1503 1607 1628">
     <span class='ocr_line' id='line_1_12' title="bbox 399 1503 1607 1628; baseline -0.007 -15"><span class='ocrx_word' id='word_1_83' title='bbox 399 1548 432 1613; x_wconf 89' lang='lat' dir='ltr'>ia</span> <span class='ocrx_word' id='word_1_84' title='bbox 456 1545 746 1612; x_wconf 71' lang='lat' dir='ltr'>westmonasterio</span> <span class='ocrx_word' id='word_1_85' title='bbox 778 1565 844 1609; x_wconf 93' lang='lat' dir='ltr'>non</span> <span class='ocrx_word' id='word_1_86' title='bbox 876 1545 1010 1610; x_wconf 83' lang='lat' dir='ltr'>exhinc</span> <span class='ocrx_word' id='word_1_87' title='bbox 1041 1546 1235 1628; x_wconf 86' lang='lat' dir='ltr'>libertantur,</span> <span class='ocrx_word' id='word_1_88' title='bbox 1257 1558 1294 1610; x_wconf 90' lang='lat' dir='ltr'>ut</span> <span class='ocrx_word' id='word_1_89' title='bbox 1317 1565 1385 1608; x_wconf 92' lang='lat' dir='ltr'>non</span> <span class='ocrx_word' id='word_1_90' title='bbox 1411 1511 1453 1545; x_wconf 75' lang='lat' dir='ltr'>m</span> <span class='ocrx_word' id='word_1_91' title='bbox 1468 1503 1607 1600; x_wconf 57' lang='lat' dir='ltr'>”iiei&#39;ii‘oe</span> 
     </span>
    </p>
   </div>
   <div class='ocr_carea' id='block_1_4' title="bbox 358 1603 1610 3619">
    <p class='ocr_par' dir='ltr' id='par_1_4' title="bbox 358 1603 1610 3619">
     <span class='ocr_line' id='line_1_13' title="bbox 400 1603 1601 1736; baseline 0.002 -20"><span class='ocrx_word' id='word_1_92' title='bbox 400 1650 592 1716; x_wconf 73' lang='lat' dir='ltr'>satisfaciant</span> <span class='ocrx_word' id='word_1_93' title='bbox 622 1649 759 1716; x_wconf 87' lang='lat' dir='ltr'>debitori</span> <span class='ocrx_word' id='word_1_94' title='bbox 790 1651 838 1714; x_wconf 86' lang='lat' dir='ltr'>vel</span> <span class='ocrx_word' id='word_1_95' title='bbox 869 1652 956 1736; x_wconf 90' lang='lat' dir='ltr'>quod</span> <span class='ocrx_word' id='word_1_96' title='bbox 986 1650 1106 1715; x_wconf 89' lang='lat' dir='ltr'>ibidem</span> <span class='ocrx_word' id='word_1_97' title='bbox 1140 1664 1289 1715; x_wconf 90' lang='lat' dir='ltr'>maneant</span> <span class='ocrx_word' id='word_1_98' title='bbox 1325 1670 1385 1734; x_wconf 85' lang='lat' dir='ltr'>pro</span> <span class='ocrx_word' id='word_1_99' title='bbox 1411 1603 1601 1718; x_wconf 41' lang='lat' dir='ltr'>iamt?</span> 
     </span>
     <span class='ocr_line' id='line_1_14' title="bbox 400 1754 1386 1841; baseline -0.001 -21"><span class='ocrx_word' id='word_1_100' title='bbox 400 1778 461 1822; x_wconf 78' lang='lat' dir='ltr'>suo</span> <span class='ocrx_word' id='word_1_101' title='bbox 496 1769 654 1841; x_wconf 84' lang='lat' dir='ltr'>perpetuo</span> <span class='ocrx_word' id='word_1_102' title='bbox 692 1755 759 1818; x_wconf 84' lang='lat' dir='ltr'>sine</span> <span class='ocrx_word' id='word_1_103' title='bbox 796 1775 878 1839; x_wconf 84' lang='lat' dir='ltr'>pena</span> <span class='ocrx_word' id='word_1_104' title='bbox 914 1754 1121 1819; x_wconf 83' lang='lat' dir='ltr'>correccionir</span> <span class='ocrx_word' id='word_1_105' title='bbox 1151 1754 1295 1837; x_wconf 81' lang='lat' dir='ltr'>rrlubrir,</span> <span class='ocrx_word' id='word_1_106' title='bbox 1328 1754 1386 1819; x_wconf 81' lang='lat' dir='ltr'>ted</span> 
     </span>
     <span class='ocr_line' id='line_1_15' title="bbox 399 1859 1385 1947; baseline -0.001 -22"><span class='ocrx_word' id='word_1_107' title='bbox 399 1862 541 1947; x_wconf 87' lang='lat' dir='ltr'>aliquam</span> <span class='ocrx_word' id='word_1_108' title='bbox 573 1859 793 1923; x_wconf 74' lang='lat' dir='ltr'>defensionem</span> <span class='ocrx_word' id='word_1_109' title='bbox 815 1859 1006 1944; x_wconf 76' lang='lat' dir='ltr'>singularem</span> <span class='ocrx_word' id='word_1_110' title='bbox 1033 1859 1150 1926; x_wconf 88' lang='lat' dir='ltr'>babent</span> <span class='ocrx_word' id='word_1_111' title='bbox 1175 1859 1293 1923; x_wconf 88' lang='lat' dir='ltr'>ibidem</span> <span class='ocrx_word' id='word_1_112' title='bbox 1319 1878 1385 1944; x_wconf 85' lang='lat' dir='ltr'>que</span> 
     </span>
     <span class='ocr_line' id='line_1_16' title="bbox 360 1963 1385 2049; baseline -0.003 -17"><span class='ocrx_word' id='word_1_113' title='bbox 360 1979 493 2032; x_wconf 71' lang='lat' dir='ltr'>ussonat</span> <span class='ocrx_word' id='word_1_114' title='bbox 524 1964 569 2028; x_wconf 79' lang='lat' dir='ltr'>eis</span> <span class='ocrx_word' id='word_1_115' title='bbox 602 1965 635 2027; x_wconf 91' lang='lat' dir='ltr'>in</span> <span class='ocrx_word' id='word_1_116' title='bbox 667 1964 878 2028; x_wconf 91' lang='lat' dir='ltr'>commodum</span> <span class='ocrx_word' id='word_1_117' title='bbox 909 1977 940 2028; x_wconf 91' lang='lat' dir='ltr'>et</span> <span class='ocrx_word' id='word_1_118' title='bbox 971 1985 1038 2028; x_wconf 91' lang='lat' dir='ltr'>non</span> <span class='ocrx_word' id='word_1_119' title='bbox 1069 1963 1103 2027; x_wconf 89' lang='lat' dir='ltr'>in</span> <span class='ocrx_word' id='word_1_120' title='bbox 1134 1965 1312 2049; x_wconf 84' lang='lat' dir='ltr'>dampnum</span> <span class='ocrx_word' id='word_1_121' title='bbox 1334 1965 1385 2030; x_wconf 85' lang='lat' dir='ltr'>vel</span> 
     </span>
     <span class='ocr_line' id='line_1_17' title="bbox 399 2067 1384 2154; baseline 0 -22"><span class='ocrx_word' id='word_1_122' title='bbox 399 2068 549 2132; x_wconf 85' lang='lat' dir='ltr'>iniuriam</span> <span class='ocrx_word' id='word_1_123' title='bbox 572 2068 677 2133; x_wconf 89' lang='lat' dir='ltr'>alicui.</span> <span class='ocrx_word' id='word_1_124' title='bbox 702 2067 806 2132; x_wconf 86' lang='lat' dir='ltr'>Prima</span> <span class='ocrx_word' id='word_1_125' title='bbox 828 2089 901 2152; x_wconf 81' lang='lat' dir='ltr'>pars</span> <span class='ocrx_word' id='word_1_126' title='bbox 923 2081 1020 2153; x_wconf 87' lang='lat' dir='ltr'>patet,</span> <span class='ocrx_word' id='word_1_127' title='bbox 1043 2082 1114 2133; x_wconf 90' lang='lat' dir='ltr'>tum</span> <span class='ocrx_word' id='word_1_128' title='bbox 1135 2068 1210 2154; x_wconf 87' lang='lat' dir='ltr'>quia</span> <span class='ocrx_word' id='word_1_129' title='bbox 1231 2069 1294 2134; x_wconf 86' lang='lat' dir='ltr'>boc</span> <span class='ocrx_word' id='word_1_130' title='bbox 1316 2089 1384 2132; x_wconf 90' lang='lat' dir='ltr'>non</span> 
     </span>
     <span class='ocr_line' id='line_1_18' title="bbox 399 2172 1610 2280; baseline -0.001 -42"><span class='ocrx_word' id='word_1_131' title='bbox 399 2174 541 2259; x_wconf 83' lang='lat' dir='ltr'>requitur</span> <span class='ocrx_word' id='word_1_132' title='bbox 571 2194 611 2237; x_wconf 85' lang='lat' dir='ltr'>ex</span> <span class='ocrx_word' id='word_1_133' title='bbox 642 2188 752 2238; x_wconf 86' lang='lat' dir='ltr'>tenore</span> <span class='ocrx_word' id='word_1_134' title='bbox 783 2173 951 2236; x_wconf 86' lang='lat' dir='ltr'>verborum</span> <span class='ocrx_word' id='word_1_135' title='bbox 982 2172 1147 2257; x_wconf 80' lang='lat' dir='ltr'>privilegii,</span> <span class='ocrx_word' id='word_1_136' title='bbox 1181 2188 1252 2239; x_wconf 90' lang='lat' dir='ltr'>tum</span> <span class='ocrx_word' id='word_1_137' title='bbox 1282 2173 1610 2280; x_wconf 49' lang='lat' dir='ltr'>eciamgqgsschqqmld</span> 
     </span>
     <span class='ocr_line' id='line_1_19' title="bbox 399 2247 1610 2367; baseline 0 -24"><span class='ocrx_word' id='word_1_138' title='bbox 399 2280 474 2367; x_wconf 86' lang='lat' dir='ltr'>quia</span> <span class='ocrx_word' id='word_1_139' title='bbox 500 2280 561 2343; x_wconf 90' lang='lat' dir='ltr'>hoc</span> <span class='ocrx_word' id='word_1_140' title='bbox 589 2298 656 2341; x_wconf 90' lang='lat' dir='ltr'>non</span> <span class='ocrx_word' id='word_1_141' title='bbox 685 2277 765 2342; x_wconf 90' lang='lat' dir='ltr'>loret</span> <span class='ocrx_word' id='word_1_142' title='bbox 786 2278 912 2342; x_wconf 74' lang='lat' dir='ltr'>libertas</span> <span class='ocrx_word' id='word_1_143' title='bbox 933 2278 984 2341; x_wconf 83' lang='lat' dir='ltr'>vel</span> <span class='ocrx_word' id='word_1_144' title='bbox 1007 2276 1210 2362; x_wconf 77' lang='lat' dir='ltr'>privilegium</span> <span class='ocrx_word' id='word_1_145' title='bbox 1232 2278 1288 2343; x_wconf 78' lang='lat' dir='ltr'>ned</span> <span class='ocrx_word' id='word_1_146' title='bbox 1309 2298 1383 2363; x_wconf 85' lang='lat' dir='ltr'>pra·</span> <span class='ocrx_word' id='word_1_147' title='bbox 1527 2247 1610 2281; x_wconf 70' lang='lat' dir='ltr'>evm</span> 
     </span>
     <span class='ocr_line' id='line_1_20' title="bbox 400 2381 1384 2473; baseline -0.001 -26"><span class='ocrx_word' id='word_1_148' title='bbox 400 2384 529 2449; x_wconf 83' lang='lat' dir='ltr'>vissimn</span> <span class='ocrx_word' id='word_1_149' title='bbox 561 2385 750 2466; x_wconf 83' lang='lat' dir='ltr'>corruptela.</span> <span class='ocrx_word' id='word_1_150' title='bbox 782 2383 866 2446; x_wconf 87' lang='lat' dir='ltr'>Nam</span> <span class='ocrx_word' id='word_1_151' title='bbox 896 2384 1085 2448; x_wconf 85' lang='lat' dir='ltr'>mandatum</span> <span class='ocrx_word' id='word_1_152' title='bbox 1106 2382 1308 2473; x_wconf 19' lang='lat' dir='ltr'>apostolistet</span> <span class='ocrx_word' id='word_1_153' title='bbox 1338 2381 1384 2447; x_wconf 81' lang='lat' dir='ltr'>ric</span> 
     </span>
     <span class='ocr_line' id='line_1_21' title="bbox 358 2488 1387 2574; baseline -0.001 -20"><span class='ocrx_word' id='word_1_154' title='bbox 358 2491 458 2554; x_wconf 76' lang='lat' dir='ltr'>roDei</span> <span class='ocrx_word' id='word_1_155' title='bbox 482 2504 529 2553; x_wconf 82' lang='lat' dir='ltr'>ert</span> <span class='ocrx_word' id='word_1_156' title='bbox 547 2491 643 2553; x_wconf 87' lang='lat' dir='ltr'>Rom.</span> <span class='ocrx_word' id='word_1_157' title='bbox 660 2488 747 2552; x_wconf 83' lang='lat' dir='ltr'>Xlli⁰</span> <span class='ocrx_word' id='word_1_158' title='bbox 763 2489 796 2552; x_wconf 87' lang='lat'>8:</span> <span class='ocrx_word' id='word_1_159' title='bbox 814 2489 943 2552; x_wconf 78' lang='lat' dir='ltr'>Nemini</span> <span class='ocrx_word' id='word_1_160' title='bbox 961 2489 1138 2574; x_wconf 79' lang='lat' dir='ltr'>quidquam</span> <span class='ocrx_word' id='word_1_161' title='bbox 1154 2489 1296 2555; x_wconf 78' lang='lat' dir='ltr'>debeatis</span> <span class='ocrx_word' id='word_1_162' title='bbox 1318 2489 1387 2553; x_wconf 80' lang='lat' dir='ltr'>nisi</span> 
     </span>
     <span class='ocr_line' id='line_1_22' title="bbox 403 2593 1384 2678; baseline 0 -19"><span class='ocrx_word' id='word_1_163' title='bbox 403 2607 437 2660; x_wconf 90' lang='lat' dir='ltr'>ut</span> <span class='ocrx_word' id='word_1_164' title='bbox 469 2596 605 2660; x_wconf 77' lang='lat' dir='ltr'>invicem</span> <span class='ocrx_word' id='word_1_165' title='bbox 638 2593 795 2678; x_wconf 79' lang='lat' dir='ltr'>diligatis.</span> <span class='ocrx_word' id='word_1_166' title='bbox 827 2595 1005 2673; x_wconf 90' lang='lat' dir='ltr'>Quomodo</span> <span class='ocrx_word' id='word_1_167' title='bbox 1039 2614 1116 2678; x_wconf 80' lang='lat' dir='ltr'>ergo</span> <span class='ocrx_word' id='word_1_168' title='bbox 1148 2593 1220 2658; x_wconf 89' lang='lat' dir='ltr'>licet</span> <span class='ocrx_word' id='word_1_169' title='bbox 1242 2608 1384 2659; x_wconf 85' lang='lat' dir='ltr'>creature</span> 
     </span>
     <span class='ocr_line' id='line_1_23' title="bbox 400 2697 1383 2783; baseline -0.002 -19"><span class='ocrx_word' id='word_1_170' title='bbox 400 2699 563 2764; x_wconf 88' lang='lat' dir='ltr'>licenciare</span> <span class='ocrx_word' id='word_1_171' title='bbox 586 2699 736 2783; x_wconf 86' lang='lat' dir='ltr'>aliquem,</span> <span class='ocrx_word' id='word_1_172' title='bbox 760 2714 796 2764; x_wconf 91' lang='lat' dir='ltr'>ut</span> <span class='ocrx_word' id='word_1_173' title='bbox 817 2713 976 2764; x_wconf 87' lang='lat' dir='ltr'>remaneat</span> <span class='ocrx_word' id='word_1_174' title='bbox 997 2699 1031 2762; x_wconf 89' lang='lat' dir='ltr'>in</span> <span class='ocrx_word' id='word_1_175' title='bbox 1053 2699 1160 2765; x_wconf 86' lang='lat' dir='ltr'>debito</span> <span class='ocrx_word' id='word_1_176' title='bbox 1182 2697 1294 2780; x_wconf 77' lang='lat' dir='ltr'>fratria,</span> <span class='ocrx_word' id='word_1_177' title='bbox 1316 2717 1383 2763; x_wconf 90' lang='lat' dir='ltr'>non</span> 
     </span>
     <span class='ocr_line' id='line_1_24' title="bbox 401 2798 1385 2890; baseline -0.001 -22"><span class='ocrx_word' id='word_1_178' title='bbox 401 2804 603 2884; x_wconf 70' lang='lat' dir='ltr'>satisfaciens,</span> <span class='ocrx_word' id='word_1_179' title='bbox 626 2803 727 2867; x_wconf 86' lang='lat' dir='ltr'>eciam</span> <span class='ocrx_word' id='word_1_180' title='bbox 750 2805 855 2888; x_wconf 82' lang='lat' dir='ltr'>quoad</span> <span class='ocrx_word' id='word_1_181' title='bbox 877 2798 1000 2868; x_wconf 80' lang='lat' dir='ltr'>Deum?</span> <span class='ocrx_word' id='word_1_182' title='bbox 1016 2804 1111 2868; x_wconf 79' lang='lat' dir='ltr'>Talea</span> <span class='ocrx_word' id='word_1_183' title='bbox 1132 2799 1238 2890; x_wconf 80' lang='lat' dir='ltr'>itaque</span> <span class='ocrx_word' id='word_1_184' title='bbox 1259 2804 1385 2868; x_wconf 77' lang='lat' dir='ltr'>herenee</span> 
     </span>
     <span class='ocr_line' id='line_1_25' title="bbox 401 2906 1396 2995; baseline -0.003 -22"><span class='ocrx_word' id='word_1_185' title='bbox 401 2909 426 2973; x_wconf 77' lang='lat' dir='ltr'>si</span> <span class='ocrx_word' id='word_1_186' title='bbox 464 2907 691 2995; x_wconf 88' lang='lat' dir='ltr'>pullulaverint</span> <span class='ocrx_word' id='word_1_187' title='bbox 728 2908 827 2972; x_wconf 82' lang='lat' dir='ltr'>eciam</span> <span class='ocrx_word' id='word_1_188' title='bbox 869 2928 925 2992; x_wconf 86' lang='lat' dir='ltr'>per</span> <span class='ocrx_word' id='word_1_189' title='bbox 960 2907 1112 2973; x_wconf 79' lang='lat' dir='ltr'>dominor</span> <span class='ocrx_word' id='word_1_190' title='bbox 1148 2907 1235 2992; x_wconf 80' lang='lat' dir='ltr'>regni</span> <span class='ocrx_word' id='word_1_191' title='bbox 1272 2906 1396 2989; x_wconf 78' lang='lat' dir='ltr'>nostri,¹</span> 
     </span>
     <span class='ocr_line' id='line_1_26' title="bbox 359 3011 1385 3098; baseline 0.001 -22"><span class='ocrx_word' id='word_1_192' title='bbox 359 3026 549 3078; x_wconf 71' lang='lat' dir='ltr'>astruentur</span> <span class='ocrx_word' id='word_1_193' title='bbox 569 3013 680 3098; x_wconf 85' lang='lat' dir='ltr'>prelati</span> <span class='ocrx_word' id='word_1_194' title='bbox 701 3015 869 3076; x_wconf 82' lang='lat' dir='ltr'>destruere.</span> <span class='ocrx_word' id='word_1_195' title='bbox 895 3013 988 3077; x_wconf 93' lang='lat' dir='ltr'>Unde</span> <span class='ocrx_word' id='word_1_196' title='bbox 1020 3014 1134 3094; x_wconf 65' lang='lat' dir='ltr'>XXW,</span> <span class='ocrx_word' id='word_1_197' title='bbox 1168 3032 1200 3097; x_wconf 91' lang='lat' dir='ltr'>q.</span> <span class='ocrx_word' id='word_1_198' title='bbox 1233 3013 1256 3094; x_wconf 87' lang='lat' dir='ltr'>l,</span> <span class='ocrx_word' id='word_1_199' title='bbox 1280 3011 1385 3078; x_wconf 78' lang='lat' dir='ltr'>Omne</span> 
     </span>
     <span class='ocr_line' id='line_1_27' title="bbox 400 3116 1384 3202; baseline 0 -22"><span class='ocrx_word' id='word_1_200' title='bbox 400 3117 500 3201; x_wconf 87' lang='lat' dir='ltr'>quod,</span> <span class='ocrx_word' id='word_1_201' title='bbox 532 3118 576 3182; x_wconf 82' lang='lat' dir='ltr'>ric</span> <span class='ocrx_word' id='word_1_202' title='bbox 600 3118 758 3182; x_wconf 84' lang='lat' dir='ltr'>scribitur:</span> <span class='ocrx_word' id='word_1_203' title='bbox 790 3118 950 3182; x_wconf 76' lang='lat' dir='ltr'>Iniurium</span> <span class='ocrx_word' id='word_1_204' title='bbox 980 3117 1136 3182; x_wconf 86' lang='lat' dir='ltr'>iudicium</span> <span class='ocrx_word' id='word_1_205' title='bbox 1168 3127 1200 3181; x_wconf 86' lang='lat' dir='ltr'>et</span> <span class='ocrx_word' id='word_1_206' title='bbox 1222 3116 1384 3202; x_wconf 74' lang='lat' dir='ltr'>diffinicio</span> 
     </span>
     <span class='ocr_line' id='line_1_28' title="bbox 400 3212 1384 3308; baseline -0.002 -22"><span class='ocrx_word' id='word_1_207' title='bbox 400 3223 521 3287; x_wconf 84' lang='lat' dir='ltr'>iniusta</span> <span class='ocrx_word' id='word_1_208' title='bbox 553 3224 647 3308; x_wconf 74' lang='lat' dir='ltr'>regio</span> <span class='ocrx_word' id='word_1_209' title='bbox 679 3233 766 3288; x_wconf 87' lang='lat' dir='ltr'>metu</span> <span class='ocrx_word' id='word_1_210' title='bbox 799 3225 850 3286; x_wconf 81' lang='lat' dir='ltr'>vel</span> <span class='ocrx_word' id='word_1_211' title='bbox 871 3225 961 3287; x_wconf 87' lang='lat' dir='ltr'>iussu</span> <span class='ocrx_word' id='word_1_212' title='bbox 985 3243 1006 3286; x_wconf 89' lang='lat' dir='ltr'>a</span> <span class='ocrx_word' id='word_1_213' title='bbox 1033 3212 1200 3287; x_wconf 61' lang='lat' dir='ltr'>iudicibu}</span> <span class='ocrx_word' id='word_1_214' title='bbox 1229 3221 1384 3285; x_wconf 85' lang='lat' dir='ltr'>ordinata</span> 
     </span>
     <span class='ocr_line' id='line_1_29' title="bbox 400 3327 1384 3413; baseline 0 -24"><span class='ocrx_word' id='word_1_215' title='bbox 400 3346 464 3389; x_wconf 89' lang='lat' dir='ltr'>non</span> <span class='ocrx_word' id='word_1_216' title='bbox 498 3328 616 3409; x_wconf 80' lang='lat' dir='ltr'>valeat,</span> <span class='ocrx_word' id='word_1_217' title='bbox 648 3345 855 3411; x_wconf 80' lang='lat' dir='ltr'>nequaquam</span> <span class='ocrx_word' id='word_1_218' title='bbox 879 3328 962 3391; x_wconf 84' lang='lat' dir='ltr'>enim</span> <span class='ocrx_word' id='word_1_219' title='bbox 984 3327 1073 3411; x_wconf 89' lang='lat' dir='ltr'>quod</span> <span class='ocrx_word' id='word_1_220' title='bbox 1095 3337 1209 3391; x_wconf 82' lang='lat' dir='ltr'>contra</span> <span class='ocrx_word' id='word_1_221' title='bbox 1241 3343 1384 3413; x_wconf 76' lang='lat' dir='ltr'>evange·</span> 
     </span>
     <span class='ocr_line' id='line_1_30' title="bbox 401 3429 1382 3516; baseline 0 -23"><span class='ocrx_word' id='word_1_222' title='bbox 401 3433 495 3495; x_wconf 86' lang='lat' dir='ltr'>liram</span> <span class='ocrx_word' id='word_1_223' title='bbox 528 3434 580 3497; x_wconf 80' lang='lat' dir='ltr'>vel</span> <span class='ocrx_word' id='word_1_224' title='bbox 609 3434 835 3516; x_wconf 78' lang='lat' dir='ltr'>propheticam</span> <span class='ocrx_word' id='word_1_225' title='bbox 866 3431 918 3496; x_wconf 75' lang='lat' dir='ltr'>uel</span> <span class='ocrx_word' id='word_1_226' title='bbox 952 3432 1162 3514; x_wconf 84' lang='lat' dir='ltr'>apostolicam</span> <span class='ocrx_word' id='word_1_227' title='bbox 1200 3429 1382 3494; x_wconf 83' lang='lat' dir='ltr'>doctrinam</span> 
     </span>
     <span class='ocr_line' id='line_1_31' title="bbox 358 3536 1382 3619; baseline 0.005 -25"><span class='ocrx_word' id='word_1_228' title='bbox 358 3536 707 3614; x_wconf 70' lang='lat' dir='ltr'>loconstitucionemue</span> <span class='ocrx_word' id='word_1_229' title='bbox 735 3556 846 3601; x_wconf 84' lang='lat' dir='ltr'>eorum</span> <span class='ocrx_word' id='word_1_230' title='bbox 868 3536 935 3599; x_wconf 81' lang='lat' dir='ltr'>sive</span> <span class='ocrx_word' id='word_1_231' title='bbox 956 3547 1145 3600; x_wconf 86' lang='lat' dir='ltr'>sanctorum</span> <span class='ocrx_word' id='word_1_232' title='bbox 1163 3545 1299 3619; x_wconf 77' lang='lat' dir='ltr'>patrum</span> <span class='ocrx_word' id='word_1_233' title='bbox 1327 3554 1382 3599; x_wconf 85' lang='lat' dir='ltr'>ae·</span> 
     </span>
    </p>
   </div>
   <div class='ocr_carea' id='block_1_5' title="bbox 399 3638 1383 3727">
    <p class='ocr_par' dir='ltr' id='par_1_5' title="bbox 399 3638 1383 3727">
     <span class='ocr_line' id='line_1_32' title="bbox 399 3638 1383 3727; baseline 0 -23"><span class='ocrx_word' id='word_1_234' title='bbox 399 3649 469 3704; x_wconf 84' lang='lat' dir='ltr'>tum</span> <span class='ocrx_word' id='word_1_235' title='bbox 474 3640 598 3727; x_wconf 82' lang='lat' dir='ltr'>suerit,</span> <span class='ocrx_word' id='word_1_236' title='bbox 613 3642 721 3707; x_wconf 85' lang='lat' dir='ltr'>stabit.</span> <span class='ocrx_word' id='word_1_237' title='bbox 738 3642 829 3708; x_wconf 92' lang='lat' dir='ltr'>Unde</span> <span class='ocrx_word' id='word_1_238' title='bbox 841 3641 935 3706; x_wconf 84' lang='lat' dir='ltr'>istam</span> <span class='ocrx_word' id='word_1_239' title='bbox 949 3640 1127 3705; x_wconf 87' lang='lat' dir='ltr'>doctrinam</span> <span class='ocrx_word' id='word_1_240' title='bbox 1140 3638 1383 3705; x_wconf 85' lang='lat' dir='ltr'>diciturRoma·</span> 
     </span>
    </p>
   </div>
   <div class='ocr_carea' id='block_1_6' title="bbox 399 3858 1399 4062">
    <p class='ocr_par' dir='ltr' id='par_1_6' title="bbox 399 3858 1399 4062">
     <span class='ocr_line' id='line_1_33' title="bbox 439 3858 1399 3922; baseline -0.004 -11"><span class='ocrx_word' id='word_1_241' title='bbox 439 3877 470 3911; x_wconf 84' lang='lat' dir='ltr'>to.</span> <span class='ocrx_word' id='word_1_242' title='bbox 494 3866 517 3910; x_wconf 87' lang='grc' dir='ltr'><strong>Α</strong></span> <span class='ocrx_word' id='word_1_243' title='bbox 531 3865 554 3910; x_wconf 87' lang='lat' dir='ltr'>ln</span> <span class='ocrx_word' id='word_1_244' title='bbox 574 3876 662 3922; x_wconf 64' lang='lat' dir='ltr'>rnarssn</span> <span class='ocrx_word' id='word_1_245' title='bbox 685 3863 794 3913; x_wconf 71' lang='lat' dir='ltr'>Secunda</span> <span class='ocrx_word' id='word_1_246' title='bbox 806 3864 932 3909; x_wconf 85' lang='lat' dir='ltr'>conclnrlo.</span> <span class='ocrx_word' id='word_1_247' title='bbox 1037 3875 1072 3909; x_wconf 81' lang='lat' dir='ltr'>ao.</span> <span class='ocrx_word' id='word_1_248' title='bbox 1095 3863 1120 3908; x_wconf 89' lang='lat' dir='ltr'>la</span> <span class='ocrx_word' id='word_1_249' title='bbox 1140 3861 1223 3909; x_wconf 73' lang='lat' dir='ltr'>rodda</span> <span class='ocrx_word' id='word_1_250' title='bbox 1243 3861 1311 3909; x_wconf 74' lang='lat' dir='ltr'>Rom.</span> <span class='ocrx_word' id='word_1_251' title='bbox 1330 3858 1399 3919; x_wconf 45' lang='lat' dir='ltr'>xu,</span> 
     </span>
     <span class='ocr_line' id='line_1_34' title="bbox 399 3932 1383 3993; baseline -0.005 -13"><span class='ocrx_word' id='word_1_252' title='bbox 399 3935 435 3981; x_wconf 78' lang='lat'>28.</span> <span class='ocrx_word' id='word_1_253' title='bbox 449 3935 467 3980; x_wconf 81' lang='lat' dir='ltr'>il</span> <span class='ocrx_word' id='word_1_254' title='bbox 481 3936 505 3981; x_wconf 85' lang='lat' dir='ltr'>la</span> <span class='ocrx_word' id='word_1_255' title='bbox 520 3946 609 3991; x_wconf 62' lang='lat' dir='ltr'>marga</span> <span class='ocrx_word' id='word_1_256' title='bbox 629 3934 671 3981; x_wconf 73' lang='lat' dir='ltr'>Eut</span> <span class='ocrx_word' id='word_1_257' title='bbox 688 3934 727 3981; x_wconf 83' lang='lat' dir='ltr'>ble</span> <span class='ocrx_word' id='word_1_258' title='bbox 741 3933 863 3981; x_wconf 71' lang='lat' dir='ltr'>manifeste</span> <span class='ocrx_word' id='word_1_259' title='bbox 881 3933 979 3981; x_wconf 84' lang='lat' dir='ltr'>elieiblle</span> <span class='ocrx_word' id='word_1_260' title='bbox 999 3934 1063 3993; x_wconf 85' lang='lat' dir='ltr'>quod</span> <span class='ocrx_word' id='word_1_261' title='bbox 1085 3945 1133 3980; x_wconf 85' lang='lat' dir='ltr'>nna</span> <span class='ocrx_word' id='word_1_262' title='bbox 1152 3932 1207 3978; x_wconf 83' lang='lat' dir='ltr'>lieet</span> <span class='ocrx_word' id='word_1_263' title='bbox 1225 3937 1309 3977; x_wconf 82' lang='lat' dir='ltr'>eontra</span> <span class='ocrx_word' id='word_1_264' title='bbox 1326 3940 1383 3989; x_wconf 80' lang='lat' dir='ltr'>apo·</span> 
     </span>
     <span class='ocr_line' id='line_1_35' title="bbox 399 4004 697 4062; baseline 0.003 -13"><span class='ocrx_word' id='word_1_265' title='bbox 399 4005 487 4059; x_wconf 80' lang='lat' dir='ltr'>rtolurn</span> <span class='ocrx_word' id='word_1_266' title='bbox 500 4004 651 4062; x_wconf 75' lang='lat' dir='ltr'>dirpenraret</span> <span class='ocrx_word' id='word_1_267' title='bbox 695 4017 697 4021; x_wconf 57' lang='lat'><strong><em>¹</em></strong></span> 
     </span>
    </p>
   </div>
   <div class='ocr_carea' id='block_1_7' title="bbox 400 4135 1382 4337">
    <p class='ocr_par' dir='ltr' id='par_1_7' title="bbox 400 4135 1382 4337">
     <span class='ocr_line' id='line_1_36' title="bbox 445 4135 1382 4251; baseline 0.001 -18"><span class='ocrx_word' id='word_1_268' title='bbox 445 4196 468 4233; x_wconf 81' lang='lat' dir='ltr'>a.</span> <span class='ocrx_word' id='word_1_269' title='bbox 487 4135 564 4234; x_wconf 69' lang='lat' dir='ltr'>Deir.</span> <span class='ocrx_word' id='word_1_270' title='bbox 583 4194 637 4232; x_wconf 82' lang='lat' dir='ltr'>rer.</span> <span class='ocrx_word' id='word_1_271' title='bbox 653 4196 724 4250; x_wconf 76' lang='lat' dir='ltr'>pure,</span> <span class='ocrx_word' id='word_1_272' title='bbox 746 4197 825 4235; x_wconf 81' lang='lat' dir='ltr'>cauta</span> <span class='ocrx_word' id='word_1_273' title='bbox 843 4182 924 4244; x_wconf 74' lang='lat' dir='ltr'>XXV.</span> <span class='ocrx_word' id='word_1_274' title='bbox 946 4198 974 4251; x_wconf 89' lang='lat' dir='ltr'>q.</span> <span class='ocrx_word' id='word_1_275' title='bbox 993 4182 1024 4249; x_wconf 79' lang='lat'>11,</span> <span class='ocrx_word' id='word_1_276' title='bbox 1045 4197 1103 4250; x_wconf 84' lang='lat' dir='ltr'>erp.</span> <span class='ocrx_word' id='word_1_277' title='bbox 1120 4181 1153 4234; x_wconf 76' lang='grc' dir='ltr'>Χ.</span> <span class='ocrx_word' id='word_1_278' title='bbox 1258 4177 1299 4233; x_wconf 75' lang='lat'>25.</span> <span class='ocrx_word' id='word_1_279' title='bbox 1316 4180 1382 4234; x_wconf 75' lang='lat' dir='ltr'>Dee.</span> 
     </span>
     <span class='ocr_line' id='line_1_37' title="bbox 400 4266 1164 4337; baseline 0.01 -22"><span class='ocrx_word' id='word_1_280' title='bbox 400 4280 453 4320; x_wconf 82' lang='lat' dir='ltr'>rec.</span> <span class='ocrx_word' id='word_1_281' title='bbox 474 4281 545 4335; x_wconf 78' lang='lat' dir='ltr'>pars,</span> <span class='ocrx_word' id='word_1_282' title='bbox 567 4281 646 4318; x_wconf 80' lang='lat' dir='ltr'>caure</span> <span class='ocrx_word' id='word_1_283' title='bbox 664 4266 745 4334; x_wconf 74' lang='lat' dir='ltr'>xxv,</span> <span class='ocrx_word' id='word_1_284' title='bbox 772 4283 799 4337; x_wconf 90' lang='lat' dir='ltr'>q.</span> <span class='ocrx_word' id='word_1_285' title='bbox 816 4266 837 4333; x_wconf 82' lang='lat'>1,</span> <span class='ocrx_word' id='word_1_286' title='bbox 859 4282 882 4320; x_wconf 84' lang='lat' dir='ltr'>e.</span> <span class='ocrx_word' id='word_1_287' title='bbox 900 4267 965 4321; x_wconf 89' lang='lat' dir='ltr'>Vlll.</span> <span class='ocrx_word' id='word_1_288' title='bbox 1161 4276 1164 4281; x_wconf 81' lang='grc'><em>’</em></span> 
     </span>
    </p>
   </div>
   <div class='ocr_carea' id='block_1_8' title="bbox 0 0 1636 5221">
    <p class='ocr_par' dir='ltr' id='par_1_8' title="bbox 0 0 1636 5221">
     <span class='ocr_line' id='line_1_38' title="bbox 0 0 1636 5221; baseline 0 0"><span class='ocrx_word' id='word_1_289' title='bbox 0 0 1636 5221; x_wconf 95' lang='lat' dir='ltr'> </span> 
     </span>
    </p>
   </div>
  </div>
 </body>
</html>
