3262 5226
485 366 655 420 Jonnuuts
673 366 819 420 wucur.
963 348 1139 440 [canxxru.

157 524 254 587 trium
276 525 347 590 eius
368 525 424 607 qui
446 524 643 589 multitudini
657 538 777 608 preest.
809 524 900 588 Unde
919 525 950 588 si
969 526 1043 607 quis
1066 546 1138 588 cou-
1152 539 1251 593 203⁴B

156 642 347 715 sequeretur
378 631 599 694 remissionem
625 650 711 714 pene
740 648 780 694 ac
814 630 846 695 si
881 631 968 696 alius
999 650 1065 714 pro
1102 650 1140 695 eo

155 735 367 820 satisfecisset
387 736 432 798 ita
453 735 539 820 quod
549 733 737 820 satisfaccio
756 735 890 799 alterius
911 736 973 799 sibi
988 756 1138 820 pereum

156 842 213 928 qui
230 852 337 925 potest
356 841 587 922 distribuatur3
622 839 667 904 sic
690 839 730 904 de
756 839 967 924 indulgenciis
994 855 1043 905 est
1065 861 1138 905 cen·

157 945 306 1010 sendum.
1150 959 1165 1012 5

109 1056 137 1102 ι’·
200 1051 293 1134 ltem,
309 1051 423 1116 doctor
442 1051 667 1117 Boneventura
683 1070 779 1135 super
793 1050 905 1114 cadem
921 1050 1170 1132 distinctione,³
1188 1065 1212 1120 0

157 1158 328 1242 questione
364 1156 516 1237 secunde,
553 1156 662 1241 primo
700 1156 849 1240 reprobat
879 1155 1066 1240 opinionem
1099 1157 1140 1220 de

156 1261 551 1347 indulgenciisdicentem
574 1259 665 1346 quod
688 1272 812 1325 tentum
837 1260 945 1323 valent
967 1260 1007 1323 ad
1031 1260 1138 1326 lorum

156 1367 288 1432 ecclesie
316 1366 483 1432 militantis
510 1367 554 1431 sic
580 1365 672 1451 quod
703 1385 767 1429 non
799 1365 840 1427 nd
873 1363 980 1429 lorum
1007 1368 1139 1431 ecclesie

157 1473 396 1560 triumphantis.
421 1472 466 1552 Si,
481 1471 597 1557 inquit,
614 1472 765 1556 prelatus
779 1471 911 1535 relaxat
924 1481 955 1535 et
969 1471 1059 1536 Deus
1075 1493 1138 1535 nou
1152 1501 1184 1540 to

157 1580 296 1661 relaxat,
333 1590 409 1643 tunc
443 1588 492 1643 est
518 1577 634 1663 pocius
664 1576 807 1663 decepcia
829 1595 925 1662 quam
964 1577 1139 1659 relaxacio,

152 1684 268 1768 pocius
294 1681 470 1747 crudelitas
496 1702 592 1768 quam
616 1682 732 1766 pietas.
770 1683 811 1746 Et
837 1694 927 1768 putet
954 1680 1041 1767 quod
1074 1702 1139 1745 non

159 1788 242 1853 loret
264 1787 465 1873 dispensacio
487 1788 543 1852 sed
566 1786 708 1853 rebellio.
736 1786 812 1852 ldeo
842 1785 883 1849 nd
905 1786 1138 1852 excludendum

157 1895 199 1958 ab
231 1894 364 1959 ecclesis
388 1893 509 1959 Christi
537 1892 695 1957 fallacinm
719 1892 804 1958 dicit·
825 1892 914 1978 quod
937 1892 1140 1978 indulgencia

132 1999 202 2083 ⁴sic
226 2013 334 2083 potest
357 1999 442 2064 fieri:
470 1998 668 2078 obtinemus,
691 1998 805 2083 inquit,
829 1997 946 2062 ionum
967 2019 1009 2063 ex
1024 2000 1182 2084 tripliciss

158 2104 282 2184 merito,
306 2096 426 2169 scilicet
451 2124 494 2169 ex
516 2104 629 2169 merito
646 2103 792 2187 proprio,
822 2121 865 2167 ex
893 2103 1005 2167 retento
1027 2105 1140 2189 capitis

157 2220 187 2273 et
208 2230 251 2274 ex
266 2211 380 2273 merito
402 2211 614 2274 ecclesiastice
634 2207 774 2272 unitatis.
798 2205 842 2271 Et
855 2208 1141 2292 correspondenter

157 2315 200 2378 ad
222 2315 309 2379 istud
330 2314 450 2399 triplex
472 2315 620 2379 meritum
637 2315 754 2377 bouum
776 2311 938 2399 oltinendi
951 2323 1000 2377 est
1021 2314 1141 2396 triplex

159 2420 307 2483 meritum
323 2440 344 2484 a
360 2421 446 2483 rnalo
462 2418 630 2496 liberandi,
650 2419 770 2483 scilicet
789 2418 938 2481 meritum
955 2419 1140 2502 proprium,

159 2535 193 2587 ut
202 2535 285 2608 puta
295 2523 326 2604 *,
340 2526 487 2589 meritum
498 2524 713 2600 contricionis,
725 2544 787 2609 quo
797 2542 961 2587 meremur
973 2521 1108 2587 liberari
1119 2545 1140 2588 a
1151 2543 1215 2604 204·

151 2650 241 2714 pena
256 2640 366 2694 eterna
381 2639 413 2693 et
425 2628 544 2692 ascribi
556 2627 601 2691 ad
619 2627 742 2713 gaudia
764 2630 974 2711 sempiterna,
996 2629 1043 2692 sic
1057 2629 1143 2713 quod

157 2733 216 2797 lrec
238 2733 300 2797 duo
322 2743 400 2798 suut
413 2732 523 2812 simul,
548 2734 632 2797 sicut
647 2733 680 2796 iu
695 2733 823 2817 angelis
837 2733 953 2817 gracia
976 2743 1008 2796 et
1021 2734 1139 2818 gloria.

202 2837 349 2902 Secundo
364 2838 456 2901 modo
473 2838 619 2901 meritum
639 2836 758 2902 Christi
771 2849 964 2922 cooperatur
979 2838 1011 2901 in
1027 2857 1140 2902 sacra·

159 2944 272 3006 mentis
304 2954 335 3007 ct
359 2953 517 3027 potestate
542 2943 693 3020 clavium,
726 2953 757 3006 et
783 2964 847 3027 per
879 2944 937 3006 lroc
968 2944 1142 3006 remittitur

153 3069 236 3131 pars
255 3069 350 3132 pene.
374 3048 415 3111 Et
435 3049 532 3110 tercio
549 3047 641 3110 modo
652 3047 698 3131 fit
720 3048 866 3111 meritum
884 3047 927 3109 ad
936 3047 1183 3131 fugiendum&

158 3154 280 3215 malurn
297 3174 338 3215 ex
353 3153 385 3216 ui
400 3153 530 3216 unitatis
553 3152 772 3215 ecclesiastice.
795 3153 837 3215 Et
852 3152 1141 3236 correspondenter

145 3259 191 3342 fit
207 3259 329 3340 triplex
346 3278 430 3340 pene
446 3256 651 3333 condonacio,
675 3266 709 3318 ut
726 3257 773 3319 sic
787 3266 902 3319 currat
921 3257 1141 3320 misericordia

158 3381 231 3424 cum
264 3363 399 3425 iusticia.
438 3360 481 3424 Et
512 3362 543 3423 in
575 3361 716 3443 qualibet
746 3361 804 3423 tali
830 3360 1067 3425 condouaciorte
1095 3373 1143 3425 est

158 3468 367 3530 comatutacio
384 3467 517 3530 maioris
533 3467 564 3528 in
580 3467 699 3543 minus,
716 3465 798 3529 unde
806 3487 896 3551 pena
911 3477 1021 3529 eterna
1031 3467 1142 3551 primo

1356 3076 1365 3149 ἐρ

199 3689 223 3737 6.
242 3690 260 3734 B
274 3690 297 3736 ln
312 3701 400 3746 meran
420 3689 481 3735 Note
498 3688 619 3747 quomodo
638 3687 753 3745 percipies
769 3687 852 3733 terium
870 3689 921 3742 (sic)
936 3687 1141 3743 indulgencierum'

158 3762 288 3806 secundnm
296 3760 398 3805 lautores
406 3772 494 3804 earum.
509 3759 629 3805 Numerus
639 3758 799 3802 distincctonis
806 3758 873 3803 deest
880 3759 904 3803 ln
911 3757 980 3803 cedd.
1043 3757 1073 3803 15.
1083 3759 1106 3803 Α
1116 3759 1141 3804 in

159 3842 245 3885 marga
260 3830 351 3875 Bonum
361 3830 496 3875 obtinemus
509 3842 536 3874 ex
548 3829 631 3874 merito
646 3830 750 3885 proprio,
765 3840 793 3872 cx
807 3829 891 3873 merito
905 3827 997 3885 cepitis,
1016 3840 1044 3872 ex
1058 3828 1142 3873 merito

158 3899 255 3943 ecclesie
265 3900 367 3943 unitatis.
448 3912 478 3955 ¹7·
493 3902 514 3944 Δ
525 3899 549 3943 in
564 3909 653 3953 marga
669 3897 830 3943 Beneventum
841 3898 871 3943 de
884 3897 1040 3954 indulgenciis
1052 3898 1142 3954 (Belou

158 3969 211 4015 203⁴
223 3970 323 4014 without
338 3967 444 4015 merkel
456 3968 589 4024 reference).

207 4146 244 4182 ιο,
264 4129 322 4181 Lib.
341 4130 385 4182 lV.
404 4129 601 4182 Sentenciurunr
616 4129 676 4181 dist.
689 4129 742 4194 xx,
760 4130 864 4198 persii,
882 4141 928 4182 ert
940 4131 960 4196 1,
978 4132 1098 4199 quaestio
1111 4131 1142 4183 ll.

160 4217 312 4271 Conclusio.
348 4217 433 4270 Sancti
458 4219 657 4268 Bonnvenmree
681 4217 750 4286 Opp.
773 4227 838 4269 torn.
861 4218 905 4284 w,
931 4233 992 4287 pag.
1016 4217 1067 4271 556
1087 4216 1143 4287 (ed.

161 4304 227 4355 Ven.
248 4299 335 4374 1754).
