3262 5226
353 457 412 503 ιιι
890 452 1063 507 sonamus
1081 451 1228 507 wrcur.
1413 428 1548 522 [cae-va

347 623 502 671 aarum
514 623 554 671 ue
562 612 672 676 beatus
694 609 728 674 in
751 610 820 676 celo
843 623 876 675 et
898 611 1092 695 dampnatus
1114 609 1146 673 in
1168 607 1302 691 inferno,
1332 622 1363 674 et
1386 620 1434 673 est
1456 607 1548 670 ambe
1562 618 1614 690 ¹4⁵¹

371 728 420 774 uer
448 676 529 828 ἓξὲξ
562 716 620 782 iste
633 715 761 782 ecclesie
775 716 830 780 sed
840 729 952 781 neutra
967 716 1104 800 illarum,
1114 729 1145 781 et
1154 735 1269 800 corpus
1280 714 1358 779 illud
1371 713 1549 778 secundum
1606 699 1608 703 ¹

375 780 482 880 ”ia'evu
563 842 597 886 se
618 836 725 888 totum
748 834 795 886 est
816 820 951 904 domini,
975 821 1031 886 sed
1054 841 1120 884 non
1144 834 1190 886 est
1212 841 1328 904 corpus
1343 816 1466 885 domini
1489 837 1548 881 nec

562 939 609 992 est
630 944 746 1011 corpus
768 925 897 1007 diaboli,
920 945 997 991 cum
1019 939 1127 991 totum
1148 924 1297 1009 integrale
1321 945 1387 988 non
1411 936 1458 987 est
1480 921 1548 987 eius

347 1039 493 1104 ayruun
512 1048 633 1115 norpars
654 1029 864 1116 quantitatiaa
886 1031 941 1094 sed
965 1045 1014 1096 est
1039 1029 1108 1095 eius
1134 1042 1237 1115 partes
1265 1027 1484 1114 quantitative,
1516 1039 1573 1094 ets

369 1093 507 1202 ¹¹⁸¹&ss
561 1135 605 1199 sic
627 1150 673 1200 est
695 1133 854 1201 collectim
876 1154 994 1220 corpus
1018 1133 1141 1199 domini
1164 1147 1196 1199 et
1218 1153 1333 1218 corpus
1357 1131 1487 1196 diaboli.

357 1250 378 1295 ¹¹
391 1248 548 1296 oretanae:
604 1239 697 1305 Unde
723 1238 848 1304 videtur
872 1238 952 1303 mihi
980 1240 1071 1325 quod
1102 1239 1145 1304 illi
1176 1259 1243 1302 non
1273 1239 1381 1303 minus
1412 1236 1547 1302 heretice

347 1304 438 1401 ‘idid‘
445 1301 553 1402 ¹3:1ae
561 1363 658 1429 quam
679 1343 1116 1429 blaspheme*scandalizant
1131 1357 1271 1410 sanctam
1292 1358 1428 1409 matrem
1450 1342 1614 1424 eccle-145·

346 1419 388 1465 rep
432 1416 469 1454 ete
489 1408 585 1462 form,
719 1448 728 1465 ,
775 1448 783 1463 ,
1518 1447 1526 1462 .

373 1459 526 1516 ριιιοιιιι.
560 1468 640 1512 sram
674 1469 730 1534 qur
753 1450 863 1514 dicunt
884 1450 976 1535 quod
998 1448 1094 1514 habet
1121 1463 1157 1514 ut
1181 1462 1289 1535 parter
1316 1468 1547 1533 compoueucra

560 1565 608 1617 tot
633 1554 777 1618 membra
798 1552 927 1636 diaboli,
949 1553 1036 1640 ¹quia
1063 1553 1192 1619 indubie
1220 1568 1296 1618 tunc
1323 1551 1404 1617 soret
1433 1551 1545 1638 turpis·
1559 1581 1591 1619 ιο

560 1657 639 1721 sima
661 1671 693 1722 et
713 1679 733 1722 a
754 1659 824 1723 Deo
847 1658 985 1722 maxime
1000 1659 1098 1742 odita,
1112 1659 1186 1745 quia
1203 1660 1380 1724 secundum
1395 1680 1547 1744 magnam

559 1775 690 1847 partem
722 1763 860 1828 Etcum
882 1756 1090 1829 Canticorum
1112 1765 1185 1848 ΝΟ,
1207 1789 1239 1853 7,
1263 1767 1302 1829 de
1335 1766 1388 1830 illa
1418 1764 1546 1854 dicitur:

564 1868 642 1933 Tora
658 1868 805 1952 pulchra
827 1885 861 1931 es
883 1868 991 1932 amica
1015 1888 1088 1932 mea
1111 1869 1286 1940 ermacula
1300 1890 1365 1934 non
1383 1878 1431 1933 est
1453 1871 1486 1934 in
1501 1879 1545 1952 te,

559 1987 589 2037 er
599 1973 763 2057 apostolus
772 1974 856 2059 pr.
866 1975 922 2055 Ψ,
935 1991 988 2060 27,
1000 1974 1078 2039 dicit
1093 1975 1183 2040 illam
1201 1994 1271 2040 esse
1282 1975 1467 2054 ecclesiam,
1479 1960 1546 2039 noir

558 2078 726 2144 habentem
764 2084 928 2146 maculam
967 2102 1071 2167 aeque
1107 2100 1239 2165 rugam,
1287 2094 1318 2145 et
1354 2080 1435 2144 illud
1470 2079 1589 2145 dicitis

559 2184 721 2248 decretum
736 2181 787 2271 (ut
801 2200 889 2271 patet
905 2187 939 2250 in
961 2185 1025 2251 fine
1046 2186 1118 2250 Xlll
1133 2182 1230 2270 cap.):
1252 2205 1323 2249 cum
1339 2205 1415 2270 crgo
1438 2185 1546 2250 nullus

558 2289 651 2355 debet
672 2289 818 2355 dubitare
839 2291 918 2376 quin
945 2290 1057 2354 omnia
1083 2289 1143 2354 ista
1168 2289 1345 2375 loquuntur
1369 2290 1410 2356 de
1437 2304 1546 2355 sancta

558 2408 657 2459 matre
680 2394 821 2478 ecclesia,
836 2395 1042 2460 manifestum
1056 2395 1180 2459 videtur
1195 2394 1284 2480 quod
1299 2395 1353 2459 illa
1368 2417 1434 2459 non
1450 2397 1546 2462 habet

556 2497 588 2562 in
610 2498 660 2562 sui
683 2499 956 2585 composicionem
978 2500 1111 2586 aliquod
1135 2499 1317 2563 membrum
1339 2498 1467 2581 diaboli,
1489 2502 1544 2564 sed

557 2602 638 2668 sicut
668 2604 807 2687 prudens
837 2603 1062 2689 paterfamilias
1099 2625 1163 2668 non
1199 2604 1334 2689 adoptat
1366 2603 1400 2667 in
1443 2603 1590 2669 filiumao

557 2728 654 2794 quem
668 2707 726 2773 scit
741 2710 870 2793 perdere
886 2724 1011 2795 patrem
1027 2731 1133 2793 suum,
1149 2709 1193 2775 sic
1207 2710 1248 2774 de
1264 2710 1345 2792 Deo,
1368 2709 1443 2795 quia
1457 2709 1546 2777 iuxta

557 2814 750 2899 apostolum,
772 2816 803 2880 si
824 2816 996 2881 ordinarer
1008 2816 1114 2901 filios,
1136 2827 1165 2880 et
1187 2816 1333 2881 heredes.
1361 2814 1448 2880 Cum
1471 2836 1546 2901 ergo

556 2918 643 2983 iuxta
665 2919 790 2983 decreta
811 2918 863 2984 ille
890 2919 975 2984 cadit
997 2919 1031 2984 in
1054 2920 1189 2986 heresim
1217 2921 1272 3008 qui
1295 2920 1385 2986 aliter
1416 2921 1546 3007 exponit

558 3023 744 3108 scripturam
766 3045 888 3087 sacram
910 3046 1010 3110 quam
1033 3025 1158 3111 spiritus
1176 3040 1303 3090 sanctus
1318 3026 1447 3111 flagitat,
1464 3025 1545 3091 sicut

558 3143 587 3192 et
615 3128 666 3192 ille
694 3128 749 3215 qui
781 3128 920 3213 imponit
950 3143 1077 3194 tantum
1111 3131 1229 3195 vicium
1260 3145 1368 3195 sancte
1399 3133 1544 3196 Romane
1555 3133 1589 3187 25

558 3232 697 3315 ecclesie,
719 3246 750 3297 ct
772 3233 902 3297 indubie
925 3234 1112 3298 scandalum
1133 3236 1193 3298 tale
1215 3234 1405 3300 redundaret
1431 3235 1464 3299 in
1487 3236 1545 3300 Dei

558 3337 800 3421 blasphemiam,
816 3339 983 3423 quomodo
998 3358 1080 3422 rogo
1097 3337 1290 3425 soretgratus
1304 3339 1399 3404 matri
1415 3340 1544 3405 ecclesie

557 3442 606 3504 vel
629 3462 749 3526 sponso
766 3462 827 3506 suo
843 3442 898 3528 qui
915 3443 1096 3526 imponeret
1109 3443 1153 3506 eis
1171 3458 1293 3508 tantam
1308 3441 1543 3529 calumpniam?

558 3546 673 3610 Nonne
688 3546 790 3609 Exodi
807 3548 905 3629 xxt0,
921 3569 958 3632 ¹7
974 3568 1055 3631 cap,
1071 3548 1242 3632 precipitur
1257 3548 1327 3631 lege
1338 3550 1464 3632 sponsi:
1480 3550 1544 3626 Qui

559 3650 763 3715 maledixerit
792 3653 886 3734 patri
919 3652 972 3715 vel
1012 3654 1111 3716 matri
1140 3653 1328 3717 moriatur?
1358 3654 1433 3716 Non
1467 3674 1542 3738 ergo
1552 3656 1587 3710 ³⁰

558 3753 763 3839 imponamus
797 3755 892 3820 matri
924 3771 1034 3821 nostre
1066 3756 1326 3822 malediccionem
1353 3772 1385 3823 et
1407 3758 1542 3825 heresim

559 3858 737 3922 cuiusmodi
760 3861 937 3925 necessario
960 3875 1009 3926 est
1030 3861 1173 3947 singulus
1194 3864 1415 3948 prescitorum.

597 4028 779 4085 ι4.ΑΑ,ι11ιιι
794 4041 859 4075 esces
874 4030 979 4088 seqnitur
991 4032 1089 4090 lacuna3
1103 4033 1238 4082 eeclesiam:
1253 4037 1326 4083 deest.
1392 4035 1422 4082 ι).
1436 4033 1468 4080 br
1483 4035 1544 4082 sient

559 4097 622 4143 dicit.
717 4108 807 4144 m-aa.
822 4102 845 4145 Α
858 4100 902 4156 Ag:
917 4100 941 4146 la
955 4100 1195 4152 -ordlnarerdccat
1210 4105 1241 4151 aa
1256 4117 1327 4165 quem
1340 4105 1379 4152 alt.
1455 4116 1492 4162 ²9.
1507 4107 1543 4150 Ar

558 4165 642 4213 Nonne
651 4167 736 4213 eodem
750 4167 813 4214 111.
822 4171 855 4226 Α.
863 4181 925 4216 corr.
938 4170 963 4217 la
974 4183 1049 4229 marr.
1154 4172 1190 4222 30.
1203 4175 1237 4234 A,
1249 4175 1273 4222 la
1286 4187 1361 4234 marg.
1376 4174 1445 4222 addc
1458 4180 1543 4234 morte,

557 4235 795 4299 umma-
875 4252 879 4259 ·
1247 4308 1250 4313 ,
1479 4254 1485 4268 ·

596 4392 645 4455 ,²¹⁶
662 4378 741 4433 Rom.
758 4335 885 4452 Vlllprp.
909 4423 916 4437 .
988 4427 993 4435 .
