3262 5226
87 346 165 412 ,ω
354 374 376 447 ..
415 334 424 341 “
466 406 473 415 ¹
641 352 981 411 mmmm,
1147 335 1307 421 [cunm.

87 514 398 585 namneti
418 512 485 579 sire
507 512 603 596 servi,
624 510 685 577 secl
706 508 928 577 eonversrndo
949 506 1106 573 excessivo
1126 508 1308 573 secnhnter
1319 526 1419 596 17200

87 586 525 685 ‘mmtnnotnennt
548 636 584 681 ae
604 614 762 699 domim
781 612 944 701 reciproce
964 610 1132 696 nominari.
1167 612 1253 677 Nem
1273 612 1306 677 in

317 720 478 811 primitiva
505 718 642 786 ecclesia
669 718 820 785 nanum
839 737 874 783 ee
894 716 1076 805 regulariter
1095 736 1165 781 esse
1189 737 1307 800 servos,

317 841 462 913 tempore
480 842 559 889 vero
579 821 757 907 Angnsnnl
778 834 911 908 propter
931 819 1189 886 dominacionem
1218 820 1308 886 inso-

318 929 459 997 lentium
470 926 669 995 &struendo
682 924 766 993 vicia
778 924 883 991 vocati
891 937 969 990 arnt
981 924 1115 990 domini.
1135 924 1198 991 Sed
1211 924 1334 997 bodies

318 1028 1309 1120 planenirnnturomisrioneeteornmimioneinconversscione

319 1136 486 1203 ostendere
506 1136 597 1223 qnod
618 1134 818 1221 pretendunt
838 1154 874 1199 se
886 1152 954 1199 esse
968 1132 1119 1231 dominns
1138 1134 1309 1217 sectum

220 1226 227 1239 ’
318 1241 409 1328 quod
438 1260 514 1307 cnm
540 1252 704 1327 repugnat
723 1237 786 1325 legi
808 1236 868 1305 Dei
889 1252 923 1305 et
944 1236 1061 1320 ordini,
1081 1251 1170 1325 patet
1190 1251 1310 1325 quanta

320 1332 566 1410 monstruosius
595 1340 683 1409 loret
711 1362 752 1407 ex
780 1340 883 1407 bereri
914 1340 998 1407 circa
1030 1341 1129 1408 tidem
1157 1343 1310 1429 scripture

321 1470 409 1515 sacre
437 1447 473 1513 in
503 1445 674 1513 ecclesim
704 1446 897 1512 introducta.
928 1445 1115 1533 corrigendi
1138 1467 1214 1534 ergo
1235 1461 1311 1514 sunt
1321 1479 1354 1517 ιο

321 1550 498 1639 blasphemi
519 1550 576 1638 qui
591 1550 762 1639 denigrent
783 1548 956 1637 (qnantum
976 1550 1010 1616 in
1032 1553 1077 1617 eir
1098 1550 1160 1640 ert)
1181 1571 1311 1617 musam

323 1655 441 1723 Christi
455 1654 600 1739 martini,
620 1654 745 1721 scilicet
762 1655 853 1740 quod
867 1668 1017 1721 mortuus
1030 1669 1079 1722 est
1091 1676 1153 1742 pro
1166 1655 1311 1720 domina·

324 1759 417 1825 cione
437 1758 570 1825 seculum
592 1758 661 1825 suis
683 1757 807 1823 clericis
826 1758 1031 1846 adquirenda.

127 1882 288 1947 seruum
368 1863 409 1929 Et
430 1863 475 1929 ric
496 1860 625 1949 fingunt
646 1862 762 1951 ingrati
793 1864 883 1951 quod
904 1876 1032 1930 sanctus
1052 1864 1198 1930 'llromas
1225 1863 1310 1931 Cen·
1434 1934 1441 1943 ,

103 1936 215 2037 nifni
222 1934 318 2033 ”iit
326 1968 493 2035 turriensis
514 1966 597 2033 obiit
608 1988 682 2053 pro
702 1967 929 2033 dominacione
950 1967 1082 2033 seculari
1102 1968 1206 2034 ablata
1227 1970 1312 2035 clero
1323 1985 1354 2041 ι5

105 2040 439 2202 ffilssnngne
461 2070 660 2138 numana·
679 2086 713 2139 et
734 2071 1056 2138 contaminemur
1071 2072 1178 2139 narn·
1196 2073 1311 2139 confir·
1391 2154 1399 2161 .

168 2198 255 2255 uem.
323 2175 451 2241 nunde.
495 2174 644 2242 Christus
690 2176 780 2243 enirn
818 2189 948 2243 econtra
987 2190 1134 2242 mortuus
1170 2193 1217 2243 est
1252 2200 1313 2264 pro

324 2279 504 2346 selmcione
539 2280 677 2346 humani
714 2280 840 2367 generis
877 2295 909 2348 et
944 2284 1002 2359 nd‘
1022 2285 1203 2349 docendum
1234 2307 1313 2352 suos

324 2383 497 2470 discipulos
532 2396 567 2449 et
602 2384 785 2469 specialiter
820 2387 941 2453 clerum
979 2388 1129 2455 seculari·
1160 2388 1312 2455 desiderit

323 2490 478 2575 abnegare
500 2486 552 2576 (ut
565 2488 645 2554 dicit
657 2490 838 2575 Apostolus
852 2493 895 2557 ed
910 2494 1024 2559 Titum
1038 2490 1108 2581 110).
1127 2495 1168 2560 lit
1185 2509 1312 2560 sanctor
1322 2525 1357 2563 ro

324 2592 470 2658 Thomas
505 2606 657 2659 mortuus
695 2608 745 2659 est
780 2595 820 2659 ad
857 2610 1038 2662 constanter
1077 2599 1314 2684 corripiendum

324 2717 414 2781 reges
444 2710 477 2763 et
508 2696 676 2780 dominos,
708 2717 749 2762 ne
780 2699 969 2785 precipitent
989 2702 1109 2765 clerum
1139 2702 1174 2766 in
1206 2703 1314 2770 officio

324 2801 455 2867 seculari
488 2822 547 2867 nec
577 2801 761 2887 impediant
792 2802 968 2889 quominus
996 2803 1185 2889 corripiatur
1211 2828 1229 2870 a
1252 2829 1313 2873 suo

325 2906 487 2992 episcopo,
518 2920 550 2972 et
570 2926 630 2992 per
651 2927 855 2994 consequens
878 2910 917 2972 ad
940 2909 1122 2974 docendum
1145 2909 1313 2996 episcopos

327 3025 433 3076 nostre
460 3010 623 3096 provincie
648 3032 689 3075 ne
712 3013 753 3076 ab
776 3012 835 3077 ista
857 3014 1070 3099 correptione,
1086 3028 1118 3078 et
1132 3035 1188 3099 per
1203 3036 1312 3081 conse·
1324 3032 1356 3087 25

328 3137 429 3202 quens
465 3136 484 3179 r
515 3114 703 3179 defensione
734 3116 975 3204 privilegiorum
1012 3130 1043 3182 et
1078 3118 1155 3183 iuris
1186 3119 1315 3185 ecclesie

326 3221 441 3285 timore
463 3218 567 3284 servili
590 3220 630 3284 de
654 3220 826 3285 amissione
858 3223 1083 3308 temporalium
1107 3223 1313 3290 retrahantur.

327 3325 369 3388 Et
384 3323 506 3387 utinam
521 3324 703 3389 sacerdotes
719 3326 898 3411 superiores
913 3327 1012 3392 nostri
1022 3327 1110 3411 regni
1120 3326 1315 3394 addiscerent

327 3428 487 3493 intellectu
510 3442 541 3492 et
564 3427 680 3495 affectu
704 3429 799 3495 istum
822 3433 982 3516 geminam
1005 3432 1189 3497 leccionem.

148 3552 285 3619 usuam„
370 3532 432 3596 Sed
469 3547 578 3597 contra
616 3533 702 3598 dicta
733 3535 875 3620 arguitur
907 3558 963 3621 per
992 3537 1054 3601 hoc
1087 3537 1176 3623 quod
1207 3537 1352 3608 omniun

121 3607 309 3757 iiiiii'ssniif
328 3636 411 3701 bona
445 3637 555 3701 mundi
588 3653 666 3703 sunt
695 3640 928 3724 patrimonium
955 3641 1102 3725 crucifixi,
1131 3644 1185 3706 sed
1209 3656 1316 3707 totum

112 3713 422 3816 {iiioiififflsuum
455 3741 688 3826 patrimonium
721 3745 877 3810 concessit
903 3747 999 3811 Petro
1026 3760 1057 3812 et
1083 3747 1151 3811 eius
1176 3744 1314 3812 'vicariist

328 3865 404 3930 ergo
432 3845 558 3910 illorum
587 3862 665 3912 sunt
686 3849 799 3913 omnia
820 3849 906 3913 bona
929 3850 1051 3934 mundi,
1073 3851 1146 3916 licet
1168 3872 1243 3935 ergo
1271 3850 1315 3916 eir

329 3968 424 4035 super
444 3970 503 4014 suo
525 3950 725 4035 patrimonio
743 3952 911 4020 dominari.

369 4231 388 4268 n
400 4222 423 4268 Α
437 4222 461 4268 ln
475 4234 561 4284 marga
575 4223 645 4273 llnde
659 4224 745 4285 prelati
760 4226 861 4273 ecelesle
877 4234 991 4273 vocentur
1004 4226 1102 4274 domini.
1206 4238 1240 4285 14.
1254 4230 1277 4275 Α
1291 4229 1315 4277 ln

330 4302 418 4349 merga
431 4291 516 4339 Flccio
583 4297 587 4308 '
622 4292 660 4341 3ο.
675 4298 697 4343 Α
712 4296 960 4354 meretricantis
975 4308 1063 4355 marne
1077 4295 1174 4344 contre
1190 4297 1315 4345 oeternis.
