3262 5226
495 503 666 558 tonsurus
681 504 829 558 wrcen.
1003 482 1160 576 [cnam.

135 678 165 723 ne
175 663 314 728 doctoris
340 663 372 727 in
400 664 512 727 eadem
534 661 688 746 opinione
709 676 740 725 et
762 662 877 727 eodem
899 663 982 726 libro
1004 661 1275 748 quemin19s·n

127 743 156 841 if
175 769 286 832 eadem
312 766 465 853 opinione
485 766 616 851 implico
638 765 759 831 cencies
782 786 850 831 esse
873 760 1091 830 mendacem?⁴
1103 784 1160 850 per

174 872 248 936 inde
285 871 417 959 quidem
455 869 536 935 loret
571 871 756 956 allegandus
796 871 951 957 dyabolus
982 869 1016 934 in
1046 883 1158 933 testem

174 976 343 1058 sentencie,
365 995 441 1040 cum
461 988 579 1040 notum
599 973 640 1040 sit
660 978 751 1062 quod
773 997 811 1040 ex
839 976 961 1040 cautela
983 987 1015 1039 ct
1035 974 1159 1039 subtili·

175 1094 237 1145 tate
267 1080 385 1166 ingenii
418 1077 557 1164 plurima
588 1100 661 1144 vera
690 1080 776 1144 dicit.
810 1081 851 1144 Et
872 1080 930 1144 hec
952 1079 1036 1144 racio
1063 1093 1184 1165 quares

173 1185 300 1270 quietos
335 1184 367 1248 in
404 1181 597 1267 allegacione
637 1183 788 1269 scripture
825 1203 890 1269 que
931 1183 1056 1248 mentiri
1093 1203 1158 1247 non

173 1289 290 1375 poterit
320 1303 352 1353 et
381 1300 568 1351 sanctorum
597 1288 766 1353 doctorum
795 1306 937 1374 quoram
969 1287 1159 1353 sentenciam

145 1479 151 1484 ι
173 1396 250 1459 volo
273 1415 311 1458 ex
332 1393 457 1479 integro
479 1391 642 1458 sustinere.
670 1392 761 1457 Alios
783 1407 893 1458 autem
914 1393 1061 1458 doctores
1083 1392 1159 1456 nolo

172 1500 216 1563 sic
246 1499 381 1583 allegare
411 1496 471 1561 nisi
502 1498 664 1582 arguendo
701 1499 742 1561 ad
777 1496 955 1580 hominem,
992 1498 1044 1562 cui
1079 1496 1159 1561 foret

174 1603 244 1668 talis
268 1601 407 1667 doctoris
430 1600 613 1667 testificatio
633 1615 871 1688 argumentum,
887 1616 918 1668 et
932 1602 976 1667 sic
990 1602 1160 1685 allegarem
1172 1631 1203 1668 ιο

174 1722 284 1772 contra
316 1690 503 1771 mendacem
533 1719 693 1770 oratorem
728 1706 858 1793 dyaboli
894 1706 1001 1791 ipsum
1036 1719 1160 1791 patrem

175 1811 340 1894 mendacii,
363 1811 419 1874 sed
440 1831 506 1874 non
530 1825 567 1875 ut
588 1811 628 1876 sit
647 1811 725 1875 mihi
748 1809 836 1876 testis
858 1812 1012 1898 ydoneus

218 1917 253 1980 ln
281 1916 343 1980 isto
365 1931 473 1981 autem
495 1916 637 1980 secundo
659 1929 844 1981 commento
866 1916 985 2002 absque
1012 1915 1197 2001 tergium-rt

173 2020 300 2085 sacione
311 2033 399 2105 patet
407 2020 512 2105 primo
521 2021 724 2085 mendacium
734 2022 1012 2105 allegantis;patet
1020 2021 1160 2085 secundo

173 2125 263 2213 quod
288 2145 354 2188 non
374 2124 507 2189 solvitur
526 2139 747 2211 argumentum
769 2126 860 2211 quod
876 2113 1160 2210 leci'supponendo
1174 2141 1203 2193 ι5

174 2229 423 2314 descripcionem
433 2227 547 2317 clerici,
557 2249 614 2314 per
622 2230 684 2294 hoc
696 2232 784 2316 quod
801 2229 995 2294 mendaciter
1009 2230 1162 2313 allegatur

173 2340 262 2422 quod
277 2336 386 2400 solum
400 2334 434 2398 in
456 2334 637 2398 sacerdocio
653 2348 789 2399 caracter
803 2333 925 2399 ordinis
944 2333 1160 2420 imprimatur;

173 2457 205 2506 et
235 2440 333 2505 tercio
363 2441 453 2525 quod
484 2438 543 2503 ista
574 2439 732 2503 sentencia
763 2437 978 2503 conviccionis
1005 2439 1160 2503 mendacii

175 2547 257 2611 loret
279 2545 423 2609 medium
444 2542 567 2608 doctori
589 2543 640 2608 isti
662 2542 741 2607 mihi
757 2558 788 2608 et
803 2543 872 2608 aliis
887 2544 1016 2607 cavendi
1033 2544 1160 2609 caucius

175 2654 214 2715 de
238 2650 399 2715 mendosis
422 2647 667 2733 allegacionibus
690 2649 721 2712 in
745 2647 900 2714 futurum.

217 2757 310 2822 Scola
341 2753 472 2841 quidem
500 2751 654 2816 mendacii
682 2766 729 2817 est
755 2774 812 2838 per
844 2773 877 2816 se
898 2775 918 2818 s
939 2753 1009 2818 Deo
1039 2768 1071 2818 et
1093 2767 1160 2818 tota

174 2859 304 2925 ecclesia
318 2857 502 2924 detestanda
517 2856 641 2920 dicente
655 2857 826 2921 venerabili
843 2857 1019 2922 Anshelmo
1039 2858 1158 2942 primo:

174 2965 241 3031 Cur
262 2965 348 3028 Deus
369 2964 471 3027 homo
494 2982 562 3048 cap.
585 2963 673 3028 x110:
706 2963 792 3042 Non,
814 2962 928 3049 inquit,
954 2963 1103 3046 sequitur
1132 2965 1161 3026 si

174 3072 265 3134 Deus
290 3070 358 3133 vult
374 3069 513 3143 ruentiri,
539 3069 657 3131 iustum
674 3079 722 3132 est
743 3069 875 3131 mentiri
895 3065 1022 3155 (supple
1046 3067 1071 3130 si
1094 3087 1160 3129 non

175 3197 211 3238 cx
234 3170 402 3257 possibili),
417 3172 474 3236 sed
482 3172 599 3255 pocius
620 3173 767 3255 sequitur
789 3172 956 3236 domiuum
979 3171 1072 3235 illum
1095 3187 1203 3238 aionas

175 3299 254 3343 esse.
281 3278 365 3339 Nam
391 3296 595 3360 nequaquam
613 3289 718 3361 potest
742 3281 824 3344 velle
848 3279 978 3344 mentiri
1001 3278 1161 3354 voluntas,

175 3385 237 3446 nisi
259 3384 291 3445 in
307 3402 372 3466 qua
388 3392 543 3465 corrupta
560 3392 607 3445 est
621 3385 751 3462 veritas,
766 3404 889 3469 ymmo
904 3403 964 3469 que
981 3381 1160 3447 deserendo

174 3489 341 3551 veritatem
373 3497 532 3569 corrupta
563 3498 619 3551 est.
654 3488 741 3565 Quid
773 3509 849 3573 ergo
881 3488 1022 3573 sequitur
1043 3507 1080 3550 ex
1103 3487 1162 3551 ista

174 3590 381 3675 responsione
414 3586 590 3654 mendacii?
621 3593 739 3655 Revera
762 3593 966 3655 mendacium
996 3590 1161 3654 mendacio

174 3696 384 3761 cumulatum.
1171 3710 1205 3763 30

218 3800 370 3863 'lercium
401 3814 623 3863 commentum
645 3816 691 3865 est
714 3799 806 3866 ficcio
822 3804 841 3842 *l
857 3799 1029 3863 testimonii
1062 3800 1159 3864 sancti
1173 3815 1235 3887 198·

175 3907 304 3969 Thome
326 3904 415 3989 quod
437 3905 470 3967 in
493 3905 564 3968 solo
588 3905 697 3968 ordine
729 3903 902 3969 sacerdocii
925 3903 974 3966 vel
997 3924 1057 3966 suo
1084 3904 1160 3968 sub·

213 4121 248 4154 ss.
262 4111 285 4154 Α
299 4108 322 4153 ln
337 4119 424 4164 marga
446 4107 586 4163 melmun
609 4108 633 4154 lo
653 4107 724 4154 codd.
742 4120 795 4165 cap.
811 4106 842 4153 x.
942 4116 978 4159 ²4·
992 4104 1025 4151 25.
1041 4105 1155 4151 Rectessl

174 4192 203 4224 ex
216 4190 264 4223 noo
279 4176 395 4237 posslbill.
500 4175 535 4223 3³.
553 4179 576 4222 Α
588 4178 612 4222 lu
626 4190 713 4235 marga
727 4176 754 4225 S.
767 4174 884 4223 Thomas.

219 4352 261 4390 ss.
279 4337 396 4390 Anselml
415 4335 485 4406 Opp.
504 4347 570 4388 tom.
587 4336 606 4403 l,
623 4352 683 4407 pag.
700 4334 745 4389 80.
853 4337 894 4389 32.
911 4335 1033 4389 Thomas
1056 4334 1100 4400 lib.
1117 4333 1161 4386 tv.

175 4426 247 4476 Sent.
259 4423 331 4494 Opp.
348 4435 411 4477 torn.
430 4424 464 4487 Χ,
482 4439 542 4493 pag.
555 4440 614 4491 4⁴²·
