3262 5226
367 385 435 436 en.
449 370 491 465 u]
745 390 792 444 ou
810 389 989 445 accimu-
1535 395 1548 455 ς

258 567 285 621 Δ
305 550 451 632 mudum
481 548 700 635 particulatim
731 549 771 612 ad
802 548 920 632 gradus
947 545 1226 627 universalitatum,
1253 560 1286 609 et
1307 543 1412 608 hiiaao
1437 567 1548 602 commo·

370 669 484 720 vocant
514 655 678 720 ecclesiam
709 655 897 720 Latinorum
931 653 1142 718 universalem
1175 649 1352 732 ecclesiam,
1385 607 1411 652 ὴ
1425 609 1548 705 '3⁶:5¹3'

370 759 413 822 hii
446 759 608 826 ecclesiam
640 757 818 826 Gre'comm
848 759 900 823 vel
931 759 1142 840 Hebreorum
1167 769 1205 820 et
1237 754 1282 819 ric
1313 755 1354 819 de

369 863 436 927 aliia
458 863 573 950 linguis
595 879 651 930 aut
665 864 814 950 gentibue
828 865 868 930 de
884 883 1022 951 quarum
1033 860 1236 927 universitate
1246 860 1365 926 solum

344 967 575 1037 sconsiderant
609 970 651 1034 Et
679 968 742 1034 hoc
765 968 921 1053 contingit
942 967 994 1031 vel
1016 988 1054 1033 ex
1073 965 1176 1030 radice
1206 964 1354 1050 superbie

368 1073 417 1136 vel
440 1073 627 1157 ignorantie.
659 1076 744 1140 Nam
766 1075 898 1161 quidam
929 1094 967 1137 ex
990 1072 1073 1138 lastu
1095 1070 1234 1158 aspirant
1262 1069 1354 1156 quod
1421 1104 1426 1112 ·

367 1177 429 1242 sint
451 1198 637 1262 magnarum
646 1178 889 1243 universitatum
905 1175 1017 1263 capita
1041 1177 1141 1255 Quod
1163 1195 1230 1240 non
1243 1175 1354 1256 laudo,

367 1294 398 1345 et
418 1280 491 1345 hinc
513 1283 606 1347 credo
629 1283 720 1368 quod
742 1285 827 1349 scole
847 1304 910 1371 que
925 1282 1006 1347 olim
1024 1295 1134 1346 vocate
1148 1293 1225 1345 sunt
1248 1279 1354 1345 studia

366 1386 520 1471 generalia
555 1403 687 1473 propter
724 1387 901 1453 doctrinam
937 1402 1061 1472 septem
1097 1384 1229 1466 arcium,
1266 1404 1353 1449 nuuc

327 1491 514 1557 nedicuntur
550 1492 779 1577 universitates,
816 1513 893 1558 cum
930 1491 992 1557 rint
1023 1489 1114 1578 quari
1144 1503 1286 1576 punctus
1319 1488 1352 1553 in
1377 1506 1404 1540 ι·
1418 1492 1549 1593 ‘’siff'‘

368 1597 608 1682 comparacione
623 1600 664 1664 ad
679 1598 817 1685 primam
828 1596 1066 1663 universitatem
1077 1609 1223 1664 creatam.
1239 1596 1352 1674 Quan-

368 1701 475 1787 doque
505 1717 613 1768 uutem
647 1726 686 1770 ex
717 1702 902 1788 ignorancia
931 1703 1064 1789 quidum
1095 1715 1211 1767 vocant
1244 1702 1354 1766 datam

299 1807 584 1893 ¹4¹'particularem
598 1808 617 1848 ⁹
632 1808 918 1895 congregacionem
942 1806 1151 1873 universalem
1175 1805 1351 1888 ecclesiam,

368 1934 433 1977 non
454 1929 602 1999 putantes
624 1936 694 1980 ease
717 1913 881 1979 ecclesiam
905 1913 1105 1998 ampliorem,
1133 1924 1170 1977 ut
1198 1911 1239 1974 lll
1270 1910 1433 2010 Regsslgg
1461 1913 1502 2010 ἐξ
1515 1926 1549 2012 π

327 2018 448 2100 ¹⁵XlX,
489 2019 537 2096 18,
569 2020 744 2105 alloquitur
780 2019 898 2106 Helyae
936 2019 1053 2101 Deum,
1087 2013 1243 2102 quoniam
1281 2016 1352 2100 ipse
1368 2017 1408 2063 ne
1422 1979 1549 2064 chureii

364 2123 453 2187 solus
474 2124 606 2190 relictus
629 2135 678 2190 est
701 2123 802 2189 fidelis
828 2123 861 2188 in
876 2123 1013 2207 populo,
1042 2134 1204 2185 ettamen
1230 2119 1353 2185 audivit

364 2229 508 2293 divinum
531 2249 726 2314 responsum
750 2228 839 2316 quod
860 2228 954 2292 Deus
980 2225 1112 2311 reliquit
1136 2224 1200 2290 sibi
1226 2234 1350 2308 septem

365 2334 465 2398 millia
493 2335 550 2420 qui
581 2344 646 2399 non
684 2343 905 2401 curvaverunt
936 2340 1047 2420 genua
1073 2340 1149 2395 ante
1180 2329 1268 2394 Baal
1301 2325 1353 2417 (ut

365 2438 512 2504 meminit
533 2437 725 2526 apostolus).

328 2562 355 2616 B
406 2543 595 2629 Sicquidam
611 2544 746 2609 maniaci
755 2557 871 2629 putant
880 2543 970 2629 quod
982 2563 1046 2606 non
1056 2542 1096 2607 ait
1106 2539 1207 2606 fidelis
1216 2539 1249 2603 in
1261 2537 1351 2604 terris
1361 2542 1417 2589 nna
1428 2555 1550 2591 eonem.

364 2648 422 2712 nisi
446 2650 484 2715 sit
506 2651 549 2714 eis
565 2650 746 2716 seculariter
767 2649 937 2732 subiectus,
960 2669 1037 2715 cum
1058 2661 1164 2711 tamen
1188 2658 1248 2711 stat
1262 2645 1352 2730 quod
1361 2597 1550 2707 33:333

364 2753 426 2818 aint
449 2755 548 2820 multe
562 2769 671 2842 gentes
687 2755 796 2841 ignote
818 2753 936 2840 linguis
954 2753 1076 2839 priores
1097 2698 1519 2816 ἱ11ἱεἰιιειεεΙοςὶιΙωῃῗῖΙῗέΙΙ
1538 2711 1550 2750 ι

322 2878 327 2889 ·
363 2854 1352 2945 sanctaDei.Quandocrgodoctoreseicloquunmrexcircum·

363 2965 498 3048 nancile,
511 2981 617 3050 potest
633 2964 788 3052 perpendi
810 2963 1066 3051 equivocaciouis
1077 2983 1134 3028 rue
1152 2959 1304 3041 deteccio‚
1315 2973 1353 3025 ut

323 3086 354 3139 25
365 3072 506 3135 vocando
516 3072 706 3157 episcopum
716 3073 901 3135 Romanum
916 3083 1012 3155 caput
1026 3065 1210 3133 universalia
1223 3064 1353 3131 eccleaie

364 3174 546 3261 intelligitur
566 3176 704 3262 quodsit
718 3189 814 3261 caput
833 3188 919 3239 tante
933 3173 1044 3239 Latine
1058 3171 1186 3238 ecclesie
1199 3183 1353 3257 quantam
1422 3216 1426 3222 -

364 3278 449 3362 regit
482 3279 581 3355 Quod
603 3279 779 3363 reputative
800 3279 851 3344 vel
875 3277 1073 3364 suppositive
1094 3290 1202 3362 potest
1227 3273 1291 3340 dici
1311 3274 1352 3338 de

363 3403 554 3468 quocunque
564 3384 715 3448 Romano
724 3382 876 3469 pontifice
889 3384 979 3448 cuiue
989 3403 1086 3468 opera
1100 3379 1225 3467 papalia
1239 3378 1352 3446 adhoc

364 3502 502 3552 movent.
518 3488 579 3552 Sed
589 3510 629 3555 ne
643 3488 894 3554 laboraverimin
904 3489 971 3554 istis
987 3486 1157 3574 equivocis,
1165 3485 1234 3550 limi
1251 3485 1299 3550 avi
1311 3484 1352 3548 ad
1373 3481 1551 3588 ”gaggtpmtt

322 3607 356 3662 30
364 3593 571 3660 universalem
585 3585 761 3679 eccleciam,
783 3594 965 3660 datianam
987 3607 1098 3659 contra
1118 3591 1351 3678 particularem,
1400 3589 1551 3640 natvm·

364 3720 426 3784 que
437 3701 565 3786 quidem
576 3701 760 3766 universalis
773 3713 821 3764 eat
832 3700 937 3782 unica,
946 3699 1067 3764 habene
1076 3718 1189 3762 omues
1198 3694 1274 3759 aliar
1283 3693 1352 3760 eiue

363 3818 475 3888 partes.
498 3806 583 3871 Nam
603 3804 655 3894 (ut
677 3805 802 3871 ostendi
825 3802 981 3890 superius,
1003 3823 1073 3888 cap.
1096 3801 1137 3892 11)
1160 3815 1237 3867 eunt
1250 3801 1351 3865 multe

405 4008 466 4057 nde
480 4011 675 4057 atbeneroeent.
755 4023 779 4066 ⁴·
803 4009 833 4054 de
846 4020 960 4068 qnorum:
974 4008 999 4055 ln
1013 4006 1085 4054 codd.
1164 4007 1188 4054 d.
1202 4017 1224 4065 7.
1239 4005 1271 4052 Be
1284 4003 1350 4064 qaod

363 4079 429 4127 elcut
501 4093 531 4127 at.
545 4093 581 4128 aa.
591 4080 622 4126 Ba
637 4081 703 4141 quod
716 4082 791 4138 alcut3
805 4081 837 4128 tl.
851 4081 883 4128 82
897 4080 978 4140 lgaote
986 4077 1074 4137 lingue.
1139 4077 1173 4125 at
1187 4077 1210 4123 Α
1224 4077 1248 4124 ln
1262 4086 1351 4132 maren

363 4150 424 4209 Pap·
439 4153 560 4210 quomodo
577 4160 614 4200 eet
629 4160 703 4211 eaput
721 4152 829 4200 ecclesie.

411 4333 451 4386 ¹8.
469 4333 550 4385 Millia
567 4331 695 4399 virorum,
713 4331 746 4385 cl.
757 4332 789 4383 lll
803 4331 868 4398 Reg.
879 4329 948 4397 xlx,
963 4326 1007 4383 18:
1020 4328 1053 4381 ci.
1067 4327 1109 4381 Ad
1121 4327 1200 4378 Rom.
1215 4323 1259 4392 Xl,
1285 4322 1309 4377 3.
1323 4337 1351 4390 4.
