3262 5226
365 452 518 555 cravrnl
734 467 782 521 oa
800 465 978 522 accensu

137 700 143 713 ,
255 631 499 713 assecutam,
531 641 567 692 ut
598 624 733 690 consilia
765 621 1035 710 es·angelica*ad
1071 622 1245 687 maximam
1276 622 1363 686 utili·
1448 648 1453 654 ·

367 748 463 797 tatem
500 732 549 795 sui
583 744 679 814 atque
711 728 853 808 ecclesie,
886 727 967 792 sicut
998 740 1087 812 patet
1109 749 1146 790 ex
1168 726 1278 791 indole
1300 746 1374 813 que.

135 812 144 921 i
366 837 438 901 inde
469 847 666 922 provenerat.
704 833 792 918 Ergo
831 853 869 897 ex
906 830 1103 895 diffinitione
1133 829 1291 916 privilegii
1330 830 1363 893 in

125 924 143 1065 ,Ξ
366 941 428 1005 lroc
450 937 659 1026 privilegiavit
681 957 775 1000 suam
799 935 974 1002 ecclesiam

336 1066 356 1117 n
410 1041 625 1109 confirmatur
653 1041 813 1106 secundo:
841 1040 894 1104 llle
925 1053 1024 1104 status
1040 1053 1088 1104 est
1103 1038 1364 1125 perfectissimus,
1383 1059 1495 1159 rosen,
1510 1060 1535 1106 n
1548 1062 1589 1108 ne

92 1084 142 1191 ii
366 1163 401 1213 ut
421 1162 506 1234 patet
526 1149 558 1212 in
573 1147 633 1213 Vl⁰
654 1146 871 1225 decretalium,
889 1165 957 1229 cap.
969 1144 1060 1209 Erite
1075 1147 1132 1229 qui
1146 1147 1287 1209 sentinat
1287 1114 1598 1230 per.1.t.,''‘⁰‘¹1l{=.·“²·rm

126 1214 145 1377 ι
366 1253 534 1317 Nicolaum
543 1253 594 1319 lll
596 1267 646 1334 et
656 1273 755 1316 omne
765 1272 885 1337 ponere
895 1252 1050 1316 viatorem
1060 1272 1093 1314 tn
1109 1265 1194 1316 statu
1217 1264 1283 1315 tam
1297 1219 1598 1334 attollisspllili.

366 1372 413 1422 est
435 1357 719 1443 proporcionaliter
738 1356 967 1442 privilegiare
959 1377 1081 1440 ipsum,
1096 1377 1174 1440 crgo
1189 1355 1364 1421 conclusio.

367 1463 398 1526 Si
428 1462 513 1527 enim
534 1463 608 1526 dure
632 1463 718 1526 bona
743 1460 872 1526 fortune
895 1481 960 1546 que
983 1475 1060 1525 sunt
1081 1461 1295 1525 abiectissima
1325 1460 1367 1525 sit

328 1566 559 1651 ‚oprivilegiare
575 1566 744 1646 datarium,
757 1567 861 1630 multo
877 1565 978 1650 magis
993 1566 1067 1629 dare
1082 1565 1142 1630 sibi
1155 1567 1241 1630 bona
1252 1563 1366 1650 gracie.

341 1700 360 1743 ο
412 1672 500 1752 Item,
538 1670 725 1756 quicunque
764 1671 853 1733 vians
891 1684 1079 1735 exoneratus
1115 1669 1209 1736 fucrit
1246 1669 1367 1735 sarcina
1420 1677 1427 1689 '

104 1720 114 1845 i
368 1776 602 1860 temporalium,
626 1776 665 1839 ad
688 1774 916 1861 propinquius,
948 1775 1092 1860 patacius
1125 1791 1224 1862 atque
1255 1775 1367 1838 lauda·

101 1860 161 2807 33
367 1880 461 1944 bilius
482 1881 681 1966 sequendum
712 1879 901 1964 lrynuulum
927 1900 1102 1945 cervorum
1135 1881 1302 1944 salientem
1332 1878 1366 1941 in

371 1985 543 2066 montibus,
568 2000 604 2049 ut
628 1985 672 2048 sic
692 1998 740 2048 est
765 1983 981 2068 privilegiatus
997 1983 1138 2068 uberius,
1161 1985 1219 2049 sed
1242 1983 1286 2047 sic
1308 1982 1369 2047 suit

332 2107 360 2159 ts
371 2090 410 2152 de
435 2089 589 2172 apostolis
613 2087 875 2152 renunciantibus
893 2089 1001 2172 quoad
1016 2088 1201 2153 civilitatem
1216 2088 1370 2152 omnibus

372 2192 464 2255 bonis
487 2193 567 2267 suis,
605 2213 681 2277 ergo
704 2191 882 2256 conclusio.
906 2192 981 2256 Non
1004 2191 1093 2256 enim
1116 2193 1246 2279 ncgabit
1267 2191 1369 2256 fidelis

371 2298 447 2382 quin
465 2298 631 2381 possessio
653 2297 732 2359 talis
758 2297 990 2380 temporalium
1023 2299 1066 2360 sit
1088 2297 1222 2380 pondus
1248 2298 1369 2379 anime,

374 2416 408 2466 ut
439 2404 531 2466 docet
563 2402 673 2464 beatus
706 2400 881 2484 Gregorius
920 2401 1039 2465 ΧΧΧΙο
1063 2403 1238 2467 Moralium
1273 2400 1370 2488 (sicut

373 2507 522 2569 declaravi
547 2507 621 2568 x110
644 2526 713 2589 cap.
736 2503 859 2591 huius).
884 2506 977 2569 Unde
1008 2507 1147 2590 apostoli
1176 2528 1248 2571 vere
1274 2526 1368 2590 repu-

330 2643 362 2678 20
374 2626 477 2674 turunt
493 2611 537 2674 eis
553 2630 708 2694 magnum
725 2610 940 2693 privilegium,
955 2611 1043 2695 quod
1061 2610 1222 2675 exonerati
1243 2609 1371 2675 luerunt

374 2715 589 2779 aministerio
613 2715 775 2778 cotidiano
808 2716 840 2777 in
870 2715 989 2778 mensis
1023 2715 1169 2780 fidelium
1201 2715 1253 2804 (ut
1282 2729 1372 2800 patet

154 2884 164 2951 Ξ
374 2826 527 2883 Actorum
545 2819 630 2901 Vl0),
654 2840 731 2902 ergo
754 2820 860 2882 multo
876 2818 977 2902 magis
992 2841 1165 2884 exonerare
1180 2843 1237 2886 eos
1252 2843 1270 2883 a
1285 2834 1369 2885 statu

343 2925 501 3009 gseculari
519 2926 592 3009 plus
614 2926 749 2988 abiecto.
766 2925 801 2986 ln
825 2924 888 2987 hoc
911 2924 996 3005 enirp
1021 2925 1168 2989 consistit
1183 2925 1371 2990 excellencia

157 2960 168 3093 i
374 3044 471 3092 status
487 3030 558 3092 cleri
576 3050 671 3111 super
686 3028 839 3092 dominos
855 3030 1009 3092 seculares
1020 3029 1131 3113 (utlric
1148 3026 1371 3116 supponitur),

160 3068 168 3163 i
334 3150 363 3200 25
376 3153 440 3195 non
472 3147 579 3195 autem
604 3132 635 3192 in
662 3148 819 3196 caractere
852 3134 983 3212 ordinis,
1016 3154 1092 3197 cum
1128 3150 1192 3199 stat
1216 3156 1289 3199 cum
1313 3135 1371 3198 illo

158 3158 171 3381 ἱ
373 3236 505 3298 servitus
527 3236 737 3299 abiectissima
754 3236 806 3322 (ut
830 3253 917 3321 patet
940 3238 978 3301 de
994 3237 1166 3325 Scarioth),
1182 3241 1238 3303 sed
1260 3241 1293 3302 in
1308 3240 1371 3304 hoc

110 3376 173 3511 3
374 3339 460 3422 quod
490 3339 630 3422 deputati
663 3355 737 3404 sunt
771 3356 806 3404 ut
838 3342 953 3405 milites
984 3343 1056 3425 plus
1087 3344 1274 3426 strenuiad
1297 3345 1371 3427 plue

375 3442 533 3504 meritorie
558 3446 776 3526 peragendum
802 3446 883 3508 bella
908 3446 1030 3508 domini
1054 3460 1086 3510 et
1113 3447 1371 3533 conquirendum

374 3565 507 3627 regnum
523 3546 674 3609 celorum.
687 3550 770 3611 Nam
782 3549 913 3612 Matthei
924 3551 979 3629 V0,
997 3549 1013 3610 3
1031 3550 1160 3621 dicitur:
1175 3551 1273 3616 Beati
1283 3571 1370 3636 pau·

333 3663 365 3715 30
370 3669 468 3731 peres
490 3652 618 3732 spiritu,
642 3655 797 3735 quoniam
824 3656 968 3736 ipsorum
985 3665 1031 3718 est
1048 3676 1191 3741 regnum
1214 3657 1370 3722 celorum.

413 3869 433 3914 5.
455 3870 476 3914 Α
498 3872 520 3915 in
543 3884 630 3928 marga
659 3874 784 3930 Optimum
808 3876 956 3934 privilegium
980 3877 1078 3923 ecclesie
1102 3887 1137 3925 ert
1158 3886 1285 3938 paupertas
1305 3879 1371 3926 cleri.

374 3940 466 3993 (libore
480 3939 528 3986 usn
541 3942 638 3987 without
660 3945 726 3988 marlr
740 3945 768 3990 oi
784 3945 921 4001 reference.)
1000 3959 1021 4003 7.
1036 3945 1058 3992 8.
1084 3950 1134 3993 alto
1157 3958 1206 3994 ests
1230 3951 1279 3994 olto
1301 3956 1328 3995 ut
1345 3950 1370 3994 la

375 4008 444 4053 codd.
499 4023 524 4056 u.
539 4013 560 4056 Α
576 4012 600 4056 in
615 4025 704 4068 merge
719 4014 820 4071 Sequela
834 4017 932 4062 Chrirtl.
1006 4014 1038 4061 18.
1051 4016 1072 4060 Α
1087 4017 1111 4061 ln
1127 4030 1216 4072 marg-a
1230 4018 1370 4075 Gregorius.

376 4077 426 4123 llll.
440 4091 493 4137 cap.
508 4080 606 4126 rectius:
623 4082 662 4126 lll.
769 4096 801 4129 ea.
818 4086 876 4130 lisa
897 4087 970 4131 deest.
1078 4085 1114 4130 ²8.
1125 4085 1155 4130 Be
1171 4087 1226 4132 belli
1240 4082 1330 4132 dominl
1348 4094 1372 4133 et

375 4146 542 4206 conquirendo.

419 4324 444 4376 7.
463 4309 520 4362 Ltb.
539 4313 571 4362 V.
589 4311 701 4375 tin'xll,
720 4329 779 4381 cap.
799 4315 842 4366 ΙΙΙ.
927 4314 1171 4383 ti.Crnt.ll,17.
1255 4314 1295 4367 18.
1312 4329 1371 4384 cap.

376 4395 440 4447 illll.
460 4396 530 4466 Opp.
549 4409 614 4449 tom.
634 4399 655 4464 l,
677 4399 753 4452 1006.
772 4400 840 4453 Vide
859 4417 938 4469 supra
956 4416 1016 4470 pag.
1036 4400 1151 4469 50-54.
