3262 5226
614 622 784 679 Jousums
800 620 948 676 wreus.
1112 587 1195 695 [esa.
1209 615 1272 664 xm

286 782 409 867 passiva
446 796 586 847 creature
623 780 789 845 rationalis
826 781 866 842 ad
903 780 1106 844 serviendum
1138 780 1208 844 Deo
1240 793 1306 849 eto

286 886 416 952 ecclesie
446 889 623 951 secundum
654 885 789 971 gradum
823 883 942 948 ordinis
974 884 1151 971 dignitatis3
1180 885 1349 968 nec*190·

287 990 447 1055 contendo
469 990 549 1056 circa
571 990 761 1077 quiditatem
780 989 852 1054 talis
874 989 1047 1072 caracteris,
1070 1011 1145 1055 cum
1169 1004 1273 1055 certus

286 1116 359 1160 aum
381 1092 472 1182 quod
494 1114 559 1158 non
584 1094 625 1159 sit
646 1115 694 1158 res
717 1107 754 1158 ut
775 1106 856 1158 serta
878 1092 961 1178 regis
982 1094 1032 1159 vel
1055 1095 1186 1180 aliquod
1210 1094 1273 1179 sig·

288 1219 367 1264 num
388 1200 568 1285 inpressum
591 1200 679 1286 quod
702 1197 820 1283 poterit
840 1218 896 1282 per
917 1219 950 1261 se
973 1219 1050 1264 esse.
1286 1210 1301 1265 5

119 1319 252 1367 suentana
330 1305 488 1368 Tenendo
515 1325 591 1387 ergo
619 1303 793 1368 secundam
819 1301 904 1366 viam
926 1303 966 1367 de
988 1302 1143 1389 quiditate
1170 1323 1275 1367 carac-

119 1372 279 1482 eiiie‘ksiir'ii
289 1408 362 1473 teris
385 1408 457 1472 dico
489 1406 620 1472 ulterius
643 1408 732 1494 quod
754 1407 835 1472 alius
857 1422 904 1471 est
926 1407 1101 1471 necessario
1124 1407 1276 1486 delebilis,

119 1475 249 1588 'ie'ffy‘im
289 1528 324 1577 ut
355 1526 492 1577 caracter
522 1512 753 1578 ecclesiasticus
784 1512 816 1575 in
850 1512 1000 1597 prescitis,
1024 1514 1177 1599 eoquod
1210 1533 1278 1577 non

288 1618 370 1681 ultra
401 1616 487 1680 diem
519 1615 627 1682 iudicii
660 1617 786 1681 durabit
809 1617 841 1681 in
865 1617 910 1682 eis
932 1616 1075 1682 officium
1104 1618 1276 1702 dignitatis.

291 1721 324 1786 ln
348 1720 572 1806 predestinatis
587 1737 695 1786 autem
712 1736 839 1806 oportet
854 1742 921 1787 esse
936 1737 1125 1788 caracterem
1141 1722 1322 1786 omninum

289 1825 500 1907 indelebilem,
532 1846 607 1890 cum
641 1826 777 1912 dignitas
809 1827 963 1913 sequendi
999 1849 1119 1912 agnum
1161 1842 1278 1892 mutuo

290 1929 492 1995 illuminandi
523 1930 715 1996 conbeatum
747 1945 778 1996 et
809 1932 1003 2016 percipiendi
1030 1932 1172 1996 fructum
1198 1932 1277 1995 vivi·

290 2034 388 2100 ficum
421 2054 487 2099 non
522 2048 632 2120 posset
662 2035 758 2100 deleri
789 2035 823 2099 in
856 2036 910 2117 eis,
933 2037 1025 2100 etde
1048 2051 1138 2101 tanto
1160 2037 1279 2100 habent

291 2153 480 2205 caracterem
511 2139 632 2205 ordinis
659 2140 709 2204 vel
737 2153 926 2205 caracterem
957 2140 1192 2225 baptismalem
1239 2142 1279 2205 Et

290 2257 377 2330 patet
402 2245 492 2331 quod
519 2243 722 2330 predestinati
745 2259 777 2309 et
799 2245 924 2330 presciti
948 2246 1126 2309 secundum
1149 2245 1322 2329 diuersi-15

291 2365 389 2415 tatem
421 2348 517 2415 oflicii
550 2341 705 2437 equivoce
736 2350 854 2415 habeut
880 2365 1078 2416 caracterem.
1107 2352 1149 2415 Et
1175 2370 1277 2415 corre·

291 2455 484 2539 spondenter
513 2454 629 2519 dicitur
659 2455 747 2541 quod
779 2454 931 2540 equivoce
968 2456 1085 2520 habent
1122 2457 1280 2538 ordinem,

293 2559 513 2645 episcopatum
540 2561 590 2622 vel
618 2560 714 2623 aliam
737 2559 977 2625 ecclesiasticam
1001 2560 1181 2645 prelaciam,
1205 2560 1280 2646 quia

293 2662 417 2749 presciti
459 2663 659 2728 ascribuntur
702 2665 742 2727 ad
791 2663 853 2728 tale
891 2663 1034 2729 olficium
1071 2665 1280 2730 solummodo

294 2769 479 2853 temporale,
511 2789 578 2833 uon
610 2782 646 2834 ut
677 2784 859 2833 mereantur
888 2769 1129 2852 beatitudinem,
1161 2770 1217 2834 sed
1244 2784 1281 2835 ut
1292 2793 1324 2829 ιο

295 2873 470 2958 mitigando
501 2894 620 2960 penam
653 2894 710 2958 pcr
739 2873 884 2939 accidens
915 2875 1038 2959 prosint
1068 2874 1208 2939 ecclesie.
1241 2875 1283 2939 Et

294 2977 337 3041 ita
368 2978 550 3042 conceditur
582 2980 671 3064 quod
702 2979 844 3043 Scarioth
883 2993 914 3043 et
951 2979 1019 3044 eius
1049 2980 1155 3043 vicarii
1194 2994 1282 3043 erant

295 3084 442 3167 apostoli,
464 3082 637 3167 presbiteri,
665 3083 805 3168 episcopi
830 3097 860 3147 et
882 3084 1003 3168 prelati,
1025 3084 1178 3148 habentes
1205 3107 1279 3168 pro·

295 3187 518 3271 porcionaliter
532 3189 572 3251 od
588 3209 682 3252 suum
707 3187 849 3252 olficium
871 3202 1072 3271 potestatem,
1096 3190 1188 3253 etad
1212 3205 1280 3253 tan·

295 3306 365 3356 tum
396 3307 474 3377 aput
504 3294 610 3358 Deum
642 3307 717 3358 sunt
747 3293 876 3356 habiles.
908 3293 1006 3371 Quod
1044 3307 1152 3357 autem
1190 3295 1325 3358 ludasss

297 3396 356 3462 suit
379 3398 555 3482 apostolus,
578 3413 666 3483 patet
695 3396 826 3461 Matthei
850 3399 907 3477 X0,
931 3398 983 3460 ubi
1007 3397 1088 3461 inter
1111 3399 1283 3462 duodecim

296 3520 378 3585 quos
406 3501 552 3567 Christus
579 3504 715 3587 elegerat
742 3516 957 3584 computatur,
981 3517 1011 3565 et
1033 3502 1145 3566 beatus
1172 3504 1284 3566 Petrus

297 3618 427 3668 testatur
449 3608 537 3692 quod
559 3608 688 3670 sortitus
707 3620 754 3669 est
769 3622 887 3670 sortem
902 3606 1063 3670 ministerii
1086 3608 1284 3690 apostolatus

297 3723 328 3772 et
350 3711 438 3794 quod
460 3712 498 3773 de
521 3711 577 3773 illo
600 3712 754 3795 scriptum
778 3725 823 3773 est
843 3712 968 3773 Psalmo
985 3711 1010 3775 C
1015 3709 1111 3792 V1110,
1135 3712 1170 3775 8:
1187 3711 1286 3774 Fiant

297 3813 363 3878 dies
395 3815 463 3878 eius
488 3815 589 3899 pauci
619 3825 650 3878 et
680 3816 894 3898 episcopatum
928 3816 996 3878 eius
1020 3817 1158 3898 accipiat
1186 3818 1287 3895 alter,
1296 3822 1329 3876 30

298 3933 329 3982 et
352 3919 396 3982 sic
419 3940 492 3984 cum
515 3920 678 4004 singulum
703 3919 838 3981 istorum
861 3919 901 3982 sit
924 3940 1041 3982 nomen
1066 3919 1175 4001 officii,
1199 3936 1286 4005 patet

298 4025 385 4109 quod
402 4045 468 4088 non
483 4025 639 4109 sequitur:
665 4024 756 4091 ludas
780 4036 826 4085 cst
848 4024 1022 4108 apostolus,
1046 4023 1216 4110 episcopua
1234 4027 1285 4090 vel

299 4128 454 4210 sacerdos,
485 4149 560 4214 ergo
593 4143 640 4193 eat
671 4128 852 4191 membrum
876 4128 925 4191 vel
948 4128 987 4191 de
1009 4143 1117 4194 sancta
1145 4131 1284 4198 ecclesie

306 4350 310 4360 '
338 4364 362 4404 ⁴·
377 4357 437 4394 serta
448 4351 496 4394 alre
510 4357 613 4396 sertumr
624 4342 712 4396 corona
727 4351 826 4402 durslls.
837 4351 923 4406 regalis
933 4350 983 4396 slva
996 4350 1142 4408 inperialis:
1186 4352 1210 4398 ⁶.
1225 4353 1246 4399 Α
1261 4353 1285 4400 ln

301 4430 390 4474 marga
405 4417 533 4465 character
546 4420 639 4465 ordinis
652 4429 687 4466 est
702 4420 808 4467 delebilis
823 4421 846 4465 in
863 4422 978 4477 prescius.
997 4422 1037 4466 sed
1063 4433 1110 4467 oon
1133 4425 1169 4468 ate
1190 4423 1215 4468 lu
1233 4435 1286 4477 pre·

301 4488 432 4533 destinatis.
526 4489 833 4536 §.Braecundarnrltam
920 4489 1286 4537 16.B=caracterem-babent

300 4554 372 4605 deest.
477 4557 510 4606 ³2.
525 4556 556 4602 a·
571 4560 713 4618 postquod.
