3262 5226
384 286 526 383 annm]
762 304 1003 361 ostentm.
1525 290 1582 375 2⁶9

268 484 298 539 rt
317 480 377 537 16⁶·
427 466 596 545 Quantum
631 465 672 528 ad
700 462 911 529 violacionem
947 476 1054 527 uncte
1088 460 1199 527 matris
1224 459 1403 573 ecclesie„
1419 474 1477 522 ιιι·
1490 488 1555 523 κω

384 572 507 637 dictum
530 584 576 635 est
598 570 687 655 quod
708 568 776 655 ipsa
798 589 865 633 non
886 566 1025 632 violatur
1046 565 1106 631 nisi
1128 586 1186 651 per
1204 564 1369 631 delectum
1376 530 1588 679 ροίεἱᾞὼμῖ

356 672 586 744 uobsemancic
605 673 682 759 legis
696 672 822 759 sponsi3
845 672 931 737 unde
944 692 1011 737 non
1032 684 1081 737 est
1095 670 1197 735 maior
1210 670 1369 757 ydolatria
1405 635 1567 784 0212.ae

387 782 511 845 credere
552 793 700 844 truncum
741 778 907 865 putridum
945 798 1012 843 esse
1053 776 1224 841 dominum
1257 776 1370 841 lesum
1419 750 1536 836 Ῥἆᾋ

320 884 552 953 metretarum
586 904 686 969 quam
721 884 847 947 credere
884 882 1020 948 domum
1033 880 1056 929 ¹¹¹
1070 879 1264 947 materialem
1301 878 1370 945 aive

388 988 547 1051 basilicam
578 1007 646 1051 esse
678 1000 819 1051 sanctam
849 1000 985 1051 matrem
1014 985 1189 1069 ecclesiam,
1214 1004 1371 1071 sponsam

388 1092 516 1157 Christi.
554 1091 646 1157 Unde
668 1092 743 1177 quia
764 1092 796 1155 in
825 1091 912 1158 lestis
934 1091 1143 1157 dedicacionis
1164 1089 1291 1155 basilice
1312 1108 1372 1174 pet

387 1195 574 1279 episcopum
589 1196 697 1259 laudat
711 1196 839 1259 eeclesia
854 1197 957 1261 Deum
976 1196 1009 1259 in
1024 1197 1086 1261 hoc
1100 1196 1189 1281 quod
1204 1192 1371 1259 cadesim

387 1321 478 1362 suam
507 1320 659 1384 sponsam
682 1320 793 1363 vocare
823 1299 972 1385 dignatus
1001 1314 1058 1381 est,
1089 1297 1264 1365 instruendi
1292 1312 1371 1363 tunt

347 1402 548 1487 rosimplices
571 1404 747 1468 sacerdotes
778 1424 819 1467 ne
850 1404 978 1470 credant
1002 1402 1170 1469 infideliter
1199 1404 1289 1489 quod
1314 1402 1371 1467 illa

387 1507 513 1571 basilica
534 1507 573 1571 sit
594 1508 724 1573 ecclesia
745 1528 864 1593 sponsa
886 1508 1014 1575 Christi.

430 1612 567 1677 Ulterius
602 1628 759 1698 quantum
784 1615 825 1677 ad
852 1612 1071 1680 remissionem
1102 1613 1198 1678 debiti
1228 1612 1596 1687 uastae-romeam

386 1717 496 1798 cionis,
518 1718 632 1781 dicitur
653 1719 741 1802 quod
764 1739 822 1782 nec
844 1717 1025 1803 temporalis
1043 1718 1192 1783 dominus
1208 1737 1266 1782 nec
1281 1717 1369 1782 Deus
1378 1678 1594 1787 ‚wlff-523

356 1824 453 1908 uipse
491 1838 596 1907 potest
637 1823 744 1907 ipsum
785 1824 920 1888 omnino
960 1822 1128 1903 remittere,
1167 1837 1245 1887 tunc
1282 1822 1370 1887 enim

347 1927 533 1993 rsChristus
570 1928 684 1993 lrustra
717 1929 827 1993 luisset
858 1944 1003 1994 mortuus
1038 1930 1078 1992 ad
1112 1926 1371 1995 satisfaciendum

387 2052 446 2116 pro
469 2048 599 2117 peccato
623 2032 753 2097 humani
776 2032 910 2117 generis.
947 2035 1082 2099 Necesse
1108 2048 1156 2098 est
1180 2053 1258 2118 ergo
1279 2034 1370 2119 quod

387 2158 444 2220 pro
467 2157 662 2223 quocunque
684 2137 815 2202 crimine
838 2137 967 2202 satisfiat
988 2138 1020 2202 in
1041 2137 1154 2203 virtute
1176 2137 1280 2203 meriti
1294 2140 1368 2204 lesu

387 2239 515 2322 Christi,
545 2243 594 2306 vel
626 2243 714 2326 quod
749 2242 828 2306 illud
860 2242 979 2306 crimen
1010 2243 1186 2308 eternaliter
1207 2244 1368 2329 punietur.

387 2345 471 2408 Deus
495 2360 602 2409 autem
623 2367 687 2409 non
707 2361 812 2431 potest
838 2348 1009 2412 concedere
1028 2347 1191 2412 licenciam
1212 2348 1306 2415 alicui
1332 2364 1371 2415 ut

344 2477 377 2512 ιο
387 2450 562 2514 eternaliter
598 2452 690 2514 duret
720 2450 752 2513 in
781 2450 921 2533 crimine,
943 2466 975 2516 et
996 2473 1052 2537 per
1072 2472 1270 2538 consequens
1302 2474 1369 2519 non

387 2569 491 2638 potest
506 2557 678 2620 concedere
693 2556 867 2621 criminoso
882 2557 1045 2622 licenciam
1061 2573 1097 2623 ut
1112 2578 1176 2623 non
1199 2556 1369 2624 satisfaciat

386 2682 444 2744 pro
466 2660 590 2725 delicto.
615 2661 866 2745 verumptamen
888 2661 989 2727 homo
1010 2675 1117 2748 potest
1138 2682 1213 2726 curn
1232 2662 1368 2728 circum·

386 2766 551 2849 speccione
578 2766 679 2851 sagaci
707 2766 864 2831 remittere
892 2765 977 2831 lratri
1003 2766 1150 2832 iniuriam
1171 2782 1203 2832 et
1225 2767 1368 2833 debitum

386 2870 548 2954 corporale
571 2883 602 2935 et
629 2872 713 2934 Deus
740 2871 879 2936 remittet
902 2872 1029 2958 culpam
1051 2886 1221 2958 postquam
1245 2871 1368 2937 miseri·

345 2974 521 3038 ascorditer
551 2974 702 3039 invenerit
733 2990 932 3061 peccatorem
962 2976 1136 3042 satisfacere
1166 2998 1226 3062 pro
1248 2976 1368 3042 debito.

386 3080 490 3142 Nemo
513 3080 599 3142 enim
621 3093 727 3164 posset
750 3080 926 3146 satisfacere
949 3104 1007 3166 pro
1030 3082 1163 3147 minima
1190 3080 1313 3146 offense
1333 3081 1368 3146 in

386 3198 512 3247 tantum
555 3183 736 3266 dominum,
774 3185 834 3249 nisi
872 3186 940 3270 ipse
985 3187 1225 3252 misericorditer
1264 3186 1369 3251 levem

385 3288 609 3371 penitenciam,
648 3289 845 3373 baptismum
882 3292 931 3354 vel
969 3292 1099 3378 aliquod
1135 3312 1218 3378 opus
1254 3291 1368 3376 penale

386 3392 591 3476 acceptaverit
605 3394 758 3476 graciose:
775 3394 907 3477 iusticia,
923 3396 1064 3482 inquam,
1074 3417 1131 3461 sua
1140 3395 1268 3481 requirit
1277 3395 1367 3481 quod

342 3502 376 3555 30
386 3498 490 3561 solum
514 3497 646 3581 premier
668 3511 912 3582 promerentem

350 3605 376 3658 0
429 3603 468 3665 Et
492 3618 578 3684 patet
593 3617 748 3688 quantum
774 3604 950 3687 periculum
966 3619 1012 3669 est
1027 3605 1226 3668 occasionare
1242 3602 1365 3667 ‹lebito-
1385 3623 1414 3656 ω
1426 3612 1445 3657 ¹¹
1459 3612 1481 3658 Ι·
1493 3626 1582 3673 seon.

1393 3673 1419 3708 te
1432 3677 1575 3724 encourage

386 3707 469 3769 ribus
494 3706 632 3789 fugitivis
655 3708 831 3789 audaciam,
855 3722 890 3771 ut
918 3729 981 3771 non
1009 3708 1199 3773 satisfaciant
1221 3707 1290 3771 Deo
1317 3706 1366 3769 vel
1383 3718 1583 3833 malms,

384 3809 516 3892 homini,
548 3832 622 3875 cum
655 3814 829 3877 secundum
863 3813 1016 3897 principia
1039 3812 1209 3898 Augustini
1235 3826 1268 3876 et
1289 3810 1367 3875 iuris

421 4120 444 4159 4.
466 4108 488 4151 Α
503 4105 525 4150 in
541 4117 626 4162 marga
648 4105 782 4152 Conclusio.
809 4105 913 4151 Ecclcsls
933 4107 1058 4153 materialis
1078 4107 1128 4155 slte
1147 4107 1243 4156 baslllca
1263 4118 1312 4152 nos
1331 4113 1366 4153 est

383 4187 471 4231 sponsa
492 4172 586 4219 Christi.
691 4187 723 4220 ro.
738 4177 772 4222 Αι
792 4188 836 4220 nee
853 4176 958 4221 credant.
982 4176 1011 4231 Α,
1026 4178 1135 4223 carresis
1239 4175 1308 4224 §.A
1324 4176 1365 4235 Α,ι

383 4244 478 4290 invenit.
500 4296 504 4303 ¹
557 4244 587 4291 31.
603 4245 624 4290 Α
640 4245 662 4290 ln
677 4256 764 4302 marat
778 4243 897 4303 Spoliator
910 4254 999 4292 tenetur
1013 4246 1134 4292 restituere
1147 4254 1192 4293 ete.
