3262 5226
656 1387 735 1462 nn
761 1331 1050 1464 nccnnstn.

799 1559 905 1570 ——n

198 1688 214 1857 q
782 1678 878 1745 cnr.
903 1678 926 1745 1.

202 1860 213 1955 ³,
324 1899 350 1952 Α
400 1872 484 1952 Quia
506 1867 662 1952 nonnulli,
689 1868 790 1934 eciam
819 1870 864 1934 illi
889 1869 944 1955 qui
968 1870 1117 1934 videntur
1139 1891 1207 1935 esse
1228 1870 1348 1956 aliquid
1370 1870 1554 1918 meamne

1359 1922 1455 1969 Choreb
1471 1939 1512 1970 rna

357 1978 535 2041 discordant
565 1973 597 2037 in
626 1973 756 2038 materia
788 1975 828 2038 de
859 1974 1017 2059 quiditate
1044 1974 1184 2057 ecclesie,
1215 1989 1246 2039 et
1272 1975 1350 2039 lides
1372 1926 1577 2075 rffigeppffilllbi‘

358 2096 404 2146 est
434 2080 562 2145 ecclesia
593 2099 656 2164 que
687 2079 815 2143 deberet
846 2079 880 2143 in
909 2079 1085 2144 christianis
1109 2080 1260 2145 omnibus
1282 2080 1577 2178 essel¹⁰',g¹og¹:yb‘

335 2207 429 2266 suna,
452 2177 541 2250 decet
562 2183 749 2250 christianos
772 2205 967 2270 cognoscere
982 2199 1118 2249 matrem
1134 2205 1236 2249 suam.
1260 2185 1351 2262 Quo·

359 2290 455 2353 modo
477 2309 577 2374 queso
599 2289 771 2354 honoraret
800 2289 872 2374 quis
896 2303 1032 2354 matrem
1055 2289 1142 2353 illam
1165 2288 1350 2374 primevam,

359 2394 436 2458 sicut
458 2393 590 2479 quilibet
618 2393 807 2458 christianus
839 2408 966 2459 tenetur
996 2394 1057 2458 sub
1088 2414 1171 2480 pena
1194 2394 1350 2480 dampna·

359 2498 456 2562 cionis
488 2498 654 2584 exprimo
678 2500 829 2563 mandato
853 2500 993 2563 secunde
1015 2498 1132 2581 tabule,
1166 2497 1224 2561 nisi
1248 2498 1352 2584 ipsam

360 2599 585 2688 cognosceret?
599 2609 666 2667 Aut
688 2605 856 2689 quomodo
876 2604 981 2690 ipsam
995 2602 1133 2689 perfecte
1149 2618 1353 2688 cognosceret

323 2707 417 2781 ‚onisi
441 2708 663 2794 cognoscendo
686 2708 754 2772 eius
774 2708 965 2794 quiditatem
981 2729 1017 2772 ac
1029 2707 1225 2773 differentiae
1244 2707 1352 2774 sciret·

361 2833 421 2897 que
443 2834 461 2876 a
484 2811 666 2876 mulieribus
689 2812 799 2875 alienis
814 2810 1010 2878 discernere?
1034 2813 1127 2879 Unde
1143 2813 1224 2878 inter
1238 2834 1352 2879 omnes

361 2916 576 3002 metaphisicas
606 2916 665 2979 sub
698 2916 776 2980 solis
807 2915 927 2983 circulo
960 2940 1026 2983 non
1058 2931 1172 3004 reputo
1197 2918 1288 3002 quod
1313 2917 1354 2983 sit

360 3019 419 3084 alia
445 3020 613 3084 christiano
640 3021 833 3085 necessarior
862 3043 920 3086 nec
948 3024 988 3085 ad
1015 3021 1255 3087 observantiam
1280 3021 1353 3087 reli·

361 3124 462 3207 gionis
489 3124 655 3189 christiane
677 3126 727 3189 vel
755 3127 794 3189 ad
822 3125 1072 3211 intelligenciam
1094 3126 1246 3212 scripture
1268 3118 1373 3192 sacre'

324 3227 475 3299 ,sutilion
499 3229 643 3295 Christus
667 3230 754 3295 enim
776 3251 813 3294 ex
836 3230 899 3294 fide
922 3245 969 3295 est
991 3246 1082 3317 pater
1103 3243 1212 3295 noster
1225 3244 1257 3296 et
1271 3231 1355 3296 dicta

363 3334 490 3398 ecclesia
520 3356 639 3421 sponsa
669 3357 726 3400 sua
758 3351 805 3401 est
837 3335 1078 3402 antonomatice
1110 3351 1210 3401 mater
1235 3350 1353 3401 nostra.

364 3437 435 3501 lllos
449 3453 556 3504 autem
570 3455 716 3525 parentes
732 3441 886 3505 debemus
901 3441 1009 3527 primo
1026 3441 1176 3506 omnium
1187 3440 1354 3524 honorare,

363 3542 437 3626 quia
458 3545 715 3629 recognoscendo
738 3566 793 3611 eos
816 3545 851 3609 in
871 3545 1064 3611 necessitatis
1079 3541 1214 3611 articulo
1229 3559 1356 3631 oportet

365 3666 475 3712 eorum
492 3647 767 3733 informacionem,
790 3650 1039 3735 castigacionem
1057 3663 1089 3716 et
1102 3649 1291 3734 suffragium
1305 3649 1355 3714 in·

118 3770 122 3825 ξ
202 3746 213 3819 ’.
324 3772 484 3818 rovocare.
518 3754 581 3817 lllis
612 3769 720 3819 autem
752 3756 845 3820 cultis
877 3756 918 3819 ad
942 3757 1077 3840 plenum
1099 3769 1239 3820 servatur
1261 3755 1355 3840 plene

366 3856 528 3922 christiana
551 3857 660 3943 religio
684 3873 715 3923 et
737 3859 777 3923 de
799 3874 923 3945 quanto
939 3861 1027 3923 deest
1043 3880 1157 3924 eorum
1170 3859 1356 3942 honoracio,

365 3961 449 4025 deest
479 3975 702 4048 preceptorum
736 3964 887 4048 servacio,
925 3984 1001 4028 cum
1033 3984 1100 4027 non
1133 3964 1173 4028 sit
1205 3963 1356 4048 possibile

367 4063 570 4132 christianum
592 4068 787 4154 delinquere,
821 4068 881 4132 nisi
910 4070 950 4131 de
981 4083 1105 4154 quanto
1130 4066 1285 4133 subtrahit
1306 4067 1363 4131 vel.

408 4211 424 4245 r.
432 4201 489 4247 ΑΑε
502 4202 583 4248 titulat
598 4203 672 4249 deest.
685 4205 708 4249 Α
716 4203 740 4249 ln
753 4203 859 4260 maraine
869 4203 1001 4263 superioria
1016 4203 1098 4251 Sancti
1113 4202 1209 4262 spiritns
1218 4203 1276 4250 aaalt
1287 4203 1357 4249 noble

365 4271 454 4325 gratim
469 4271 530 4316 ibide
549 4271 653 4318 Ecclesia
667 4274 782 4319 catholica
796 4281 831 4320 cst
845 4286 859 4319 a
873 4275 982 4320 fidelibus
996 4274 1163 4331 cognoscenda
1177 4281 1200 4319 et
1212 4272 1311 4331 qualiter
1323 4274 1357 4329 (la

365 4335 409 4384 red
419 4340 457 4385 inlr
472 4341 546 4386 above
560 4341 605 4386 col.
619 4343 682 4401 128⁸,
696 4343 826 4398 tarthand).
907 4342 927 4389 5.
942 4342 973 4388 1³2
989 4342 1062 4399 luitur
1076 4343 1151 4388 decet.
1230 4342 1263 4388 16.
1278 4341 1359 4389 codd.

366 4410 555 4457 autonomastice.
634 4413 667 4459 18.
681 4413 712 4459 na
726 4421 750 4459 et
763 4414 966 4470 recognoscendo.
1048 4424 1078 4458 ar.
1093 4413 1124 4459 Ba
1140 4413 1274 4472 deqaano.
1304 4409 1319 4417 “’
