3262 5226
700 526 875 583 ronmms
891 524 1044 583 wrmrr.
1196 501 1278 598 [mn.
1291 518 1364 567 xvn

376 684 558 751 illuminent
582 684 694 749 beetoe
713 682 748 749 in
769 660 881 771 panis,
910 684 990 749 dum
1011 680 1131 749 iaciunt
1155 700 1210 745 eos
1240 701 1362 767 cogno·
1376 694 1475 752 183¹!

377 786 640 857 merenotidain
656 788 789 875 proprio
799 785 1052 877 genereiructus
1077 785 1167 853 lucis.
1189 785 1282 851 Unde
1297 806 1362 851 non

377 908 424 961 est
442 892 638 961 credendum
654 892 742 981 quod
761 892 795 959 in
814 890 1029 979 triumphente
1049 890 1180 958 ecclesia
1202 903 1364 958 remanent

377 998 485 1065 sordes
502 996 625 1083 peccari
637 996 793 1085 purpendi
817 993 871 1086 (ut
894 997 1027 1063 docetur
1046 995 1260 1081 Ephesiorum
1281 993 1364 1083 vn),

376 1102 432 1169 sed
466 1100 620 1189 purgseio
654 1114 703 1167 ert
738 1099 931 1187 experisionis
967 1099 1112 1165 sordium
1151 1097 1388 1182 continuacio,5

376 1206 422 1273 cic
448 1205 539 1293 quod
566 1204 745 1273 intellectus
773 1218 806 1273 et
833 1204 963 1271 affectus
991 1203 1111 1269 civium
1145 1200 1365 1267 illuminantur

377 1325 410 1377 et
435 1326 613 1397 purgantur
637 1330 695 1397 per
719 1308 909 1376 obiectiram
935 1309 1210 1395 presentationem
1232 1306 1363 1373 docium

379 1436 514 1483 suorum
534 1412 728 1483 concivium.
851 1460 854 1465 -
894 1466 897 1471 -

136 1564 142 1575 ·
159 1534 372 1637 'mmm
423 1520 465 1586 Et
478 1539 517 1584 ex
531 1518 600 1587 istie
612 1518 756 1605 seqnitur
768 1518 858 1607 quod
872 1516 1046 1585 multitudo
1060 1516 1181 1583 cisium
1194 1515 1397 1584 beatorum!

177 1640 239 1687 mn
252 1640 363 1687 uram
379 1622 461 1691 sicut
500 1636 533 1689 et
571 1622 668 1711 plena
703 1642 816 1689 eorum
860 1621 1024 1707 beatitudo
1059 1642 1117 1708 per
1156 1634 1244 1688 actus
1288 1641 1364 1687 suos
1374 1650 1406 1689 ιο

183 1690 350 1805 'dii‘n‘d’
380 1726 557 1793 coalternos
578 1725 747 1814 perficitur,
769 1748 883 1814 ymmo
897 1747 973 1793 cum
986 1727 1120 1793 verbum
1134 1725 1176 1793 sit
1197 1726 1230 1790 in
1253 1725 1360 1791 medin

169 1858 174 1865 ·
381 1831 529 1899 omnium
555 1830 775 1897 membrorum
800 1852 936 1898 suorum
955 1831 1107 1898 omnibus
1129 1830 1240 1896 diebua
1263 1850 1364 1918 usque

381 1938 423 2001 ad
452 1936 770 2003 consummacionem
794 1934 903 2019 seculi,
929 1955 996 2002 non
1017 1934 1154 2001 dubium
1175 1934 1254 2022 quin
1282 1934 1364 2000 cives

381 2040 511 2107 celestes
541 2038 651 2106 vident
680 2039 713 2105 in
745 2040 817 2127 ipso
838 2053 871 2106 et
890 2039 1025 2107 audiunt
1047 2038 1201 2129 quicquid
1222 2041 1364 2106 conservi

211 2165 257 2211 ase
271 2163 330 2211 nen
381 2145 430 2211 sui
452 2143 575 2211 leciunt
596 2144 637 2209 ed
659 2143 901 2211 edificacionem
917 2143 1056 2211 anienis
1079 2143 1131 2211 Sic
1153 2143 1240 2208 enim
1262 2165 1365 2210 unum
1376 2156 1406 2211 rs

381 2456 512 2524 ecclesia
531 2457 705 2543 alloquitur
725 2478 882 2544 sponsum
899 2452 1066 2524 Christum
1089 2458 1145 2545 qui
1166 2471 1215 2524 est
1235 2459 1293 2542 vir,
1324 2462 1363 2525 de

381 2582 447 2649 quo
460 2561 592 2628 Jeremie
605 2562 736 2646 XXXP,
753 2582 804 2645 ae,
824 2561 969 2628 scribitur
981 2564 1071 2649 quod
1082 2564 1208 2649 semina
1224 2565 1364 2629 dreum·

381 2666 469 2733 dabit
499 2666 626 2747 uirum
655 2666 762 2752 iprum
793 2680 901 2732 sutem
921 2667 1129 2753 apprehendit
1150 2669 1250 2733 modo
1278 2689 1407 2734 novom

381 2770 414 2836 in
444 2791 610 2858 sponsum,
643 2771 773 2859 quando
810 2771 930 2857 accepit
970 2787 1164 2838 sacramenta
1200 2786 1365 2859 tamquam

382 2890 481 2942 censs
507 2896 563 2941 sue
590 2875 821 2962 redempcionis
843 2875 877 2940 in
900 2875 1017 2940 effluxu
1040 2876 1203 2962 sanguinis
1225 2892 1257 2942 et
1283 2899 1364 2964 nque

380 2980 414 3044 in
436 2981 484 3044 sui
512 2981 607 3045 lutere
630 2980 815 3044 dormientis
837 2980 869 3045 in
896 3000 987 3045 cruce
1009 2979 1059 3065 (ut
1079 2995 1168 3047 notat
1190 2984 1364 3066 Apostolus

382 3084 499 3171 Ephes.
520 3083 606 3171 V10).
633 3086 675 3150 Et
696 3085 740 3149 sic
762 3085 820 3149 hec
842 3085 994 3170 septiplex
1017 3085 1145 3150 ecclesia
1168 3100 1241 3151 ente
1262 3086 1362 3152 incar·

383 3188 549 3254 necionem
589 3203 679 3274 rogat
719 3190 918 3271 salvatorem,
956 3188 1076 3255 lactum
1111 3190 1287 3273 hominem,
1329 3207 1365 3258 ut
1373 3200 1405 3255 25

382 3293 501 3365 nuietat
535 3295 744 3381 obprobrium
767 3315 823 3359 sue
846 3293 1024 3361 sterilitatis.
1052 3297 1182 3379 Panem,
1204 3295 1363 3383 inquiunt,

382 3412 527 3464 nostrum
543 3399 757 3482 comedemus,
772 3398 846 3483 quia
868 3399 902 3463 in
923 3400 1024 3463 verbis
1038 3399 1116 3486 legis
1138 3400 1248 3485 quein
1268 3398 1365 3465 fidem

381 3503 475 3569 unius
509 3502 567 3569 Dei
602 3502 762 3570 instruunt
798 3504 1013 3587 convivemus,
1051 3524 1126 3568 narn
1164 3505 1365 3570 Hebreorum

379 3606 436 3688 ll0,
459 3606 510 3690 38,
537 3607 695 3672 scribitur:
726 3608 833 3673 Iustus
855 3628 897 3674 ex
911 3607 986 3692 fide
1012 3608 1095 3689 uiuit,
1118 3622 1150 3672 et
1171 3608 1364 3673 vestimentis

380 3711 492 3776 nostris
515 3711 708 3797 operiemur,
741 3712 815 3798 quia
838 3733 876 3777 ex
906 3711 968 3777 fide
990 3711 1161 3776 crescionis
1184 3725 1215 3776 et
1236 3732 1292 3797 spe
1313 3727 1407 3780 reso

381 3814 551 3882 crencionis
581 3816 805 3902 cognoscimur
832 3817 941 3902 quales
969 3835 1092 3880 sumus.
1116 3816 1157 3881 Et
1179 3815 1240 3880 isto
1262 3818 1362 3881 modo

380 3919 521 4004 loquitur
534 3920 720 4006 Apostolus,
736 3920 836 3986 Galat.
848 3919 916 4002 111⁰,
926 3934 981 4006 27:
996 3919 1181 4004 omnesqui
1190 3919 1223 3983 in
1236 3920 1363 3986 Christo

381 4023 531 4112 baptizati
551 4025 626 4090 estis
638 4025 799 4090 Christum
815 4024 973 4089 induistis.
989 4024 1132 4088 Membra
1147 4022 1233 4087 enim
1247 4023 1364 4089 Christi

382 4149 446 4192 non
480 4142 555 4194 sunt
585 4130 673 4192 nuda
702 4128 882 4211 virtutibus,
917 4130 970 4193 sed
1004 4127 1142 4193 induunt
1172 4141 1364 4193 armaturam

381 4252 471 4297 suam
493 4234 606 4298 saltem
636 4232 669 4296 in
701 4253 767 4317 spe,
799 4230 953 4296 imitando
985 4230 1092 4316 ipsum
1113 4230 1306 4316 imperfecte,
1337 4231 1406 4302 tiss

419 4465 443 4513 ⁹·
456 4453 487 4500 lis
501 4452 531 4501 Et
543 4453 649 4501 omitted.
695 4464 741 4513 ,ιφ
755 4454 782 4500 ln
795 4453 880 4500 noddo
893 4452 939 4500 ler.
952 4451 1016 4501 ¹¹1.
