<?xml version="1.0" encoding="UTF-8"?>
<!DOCTYPE html PUBLIC "-//W3C//DTD XHTML 1.0 Transitional//EN"
    "http://www.w3.org/TR/xhtml1/DTD/xhtml1-transitional.dtd">
<html xmlns="http://www.w3.org/1999/xhtml" xml:lang="en" lang="en">
 <head>
  <title>
</title>
<meta http-equiv="Content-Type" content="text/html;charset=utf-8" />
  <meta name='ocr-system' content='tesseract 3.04.00' />
  <meta name='ocr-capabilities' content='ocr_page ocr_carea ocr_par ocr_line ocrx_word'/>
</head>
<body>
  <div class='ocr_page' id='page_1' title='image "./iohanniswyclift00mattgoog_0276.png"; bbox 0 0 3262 5226; ppageno 0'>
   <div class='ocr_carea' id='block_1_1' title="bbox 420 578 1098 671">
    <p class='ocr_par' dir='ltr' id='par_1_1' title="bbox 420 578 1098 671">
     <span class='ocr_line' id='line_1_1' title="bbox 420 578 1098 671; baseline 0.015 -30"><span class='ocrx_word' id='word_1_1' title='bbox 420 578 558 671; x_wconf 76' lang='lat' dir='ltr'>crasa]</span> <span class='ocrx_word' id='word_1_2' title='bbox 831 597 878 650; x_wconf 79' lang='lat' dir='ltr'>nu</span> <span class='ocrx_word' id='word_1_3' title='bbox 897 597 1098 651; x_wconf 68' lang='lat' dir='ltr'>scelests.-</span> 
     </span>
    </p>
   </div>
   <div class='ocr_carea' id='block_1_2' title="bbox 305 752 1622 1572">
    <p class='ocr_par' dir='ltr' id='par_1_2' title="bbox 305 752 1622 1572">
     <span class='ocr_line' id='line_1_2' title="bbox 305 752 1421 838; baseline -0.011 -9"><span class='ocrx_word' id='word_1_4' title='bbox 305 775 334 829; x_wconf 76' lang='lat' dir='ltr'>G</span> <span class='ocrx_word' id='word_1_5' title='bbox 347 755 547 827; x_wconf 61' lang='lat' dir='ltr'>deecclesia</span> <span class='ocrx_word' id='word_1_6' title='bbox 569 755 743 819; x_wconf 88' lang='lat' dir='ltr'>stumultu</span> <span class='ocrx_word' id='word_1_7' title='bbox 767 752 894 838; x_wconf 76' lang='lat' dir='ltr'>negocii</span> <span class='ocrx_word' id='word_1_8' title='bbox 918 752 1069 817; x_wconf 86' lang='lat' dir='ltr'>secularis</span> <span class='ocrx_word' id='word_1_9' title='bbox 1090 753 1142 817; x_wconf 79' lang='lat' dir='ltr'>vel</span> <span class='ocrx_word' id='word_1_10' title='bbox 1157 752 1333 818; x_wconf 76' lang='lat' dir='ltr'>concedere</span> <span class='ocrx_word' id='word_1_11' title='bbox 1352 752 1421 817; x_wconf 88' lang='lat' dir='ltr'>boc</span> 
     </span>
     <span class='ocr_line' id='line_1_3' title="bbox 418 857 1456 944; baseline -0.001 -21"><span class='ocrx_word' id='word_1_12' title='bbox 418 881 485 923; x_wconf 88' lang='lat' dir='ltr'>esse</span> <span class='ocrx_word' id='word_1_13' title='bbox 511 858 711 944; x_wconf 84' lang='lat' dir='ltr'>privilegium</span> <span class='ocrx_word' id='word_1_14' title='bbox 743 857 926 943; x_wconf 89' lang='lat' dir='ltr'>impediens</span> <span class='ocrx_word' id='word_1_15' title='bbox 958 858 1065 922; x_wconf 89' lang='lat' dir='ltr'>bonos</span> <span class='ocrx_word' id='word_1_16' title='bbox 1092 878 1208 923; x_wconf 87' lang='lat' dir='ltr'>mores.</span> <span class='ocrx_word' id='word_1_17' title='bbox 1247 859 1289 922; x_wconf 84' lang='lat' dir='ltr'>Et</span> <span class='ocrx_word' id='word_1_18' title='bbox 1318 858 1420 922; x_wconf 88' lang='lat' dir='ltr'>credo</span> <span class='ocrx_word' id='word_1_19' title='bbox 1450 864 1456 872; x_wconf 86' lang='lat'>&#39;</span> 
     </span>
     <span class='ocr_line' id='line_1_4' title="bbox 417 961 1421 1050; baseline -0.002 -23"><span class='ocrx_word' id='word_1_20' title='bbox 417 966 506 1050; x_wconf 90' lang='lat' dir='ltr'>quod</span> <span class='ocrx_word' id='word_1_21' title='bbox 540 964 638 1028; x_wconf 85' lang='lat' dir='ltr'>nostri</span> <span class='ocrx_word' id='word_1_22' title='bbox 669 961 872 1028; x_wconf 88' lang='lat' dir='ltr'>ecclesiastici</span> <span class='ocrx_word' id='word_1_23' title='bbox 900 961 953 1027; x_wconf 90' lang='lat' dir='ltr'>isti</span> <span class='ocrx_word' id='word_1_24' title='bbox 976 963 1137 1028; x_wconf 77' lang='lat' dir='ltr'>sentencie</span> <span class='ocrx_word' id='word_1_25' title='bbox 1169 976 1359 1042; x_wconf 77' lang='lat' dir='ltr'>annuerent,</span> <span class='ocrx_word' id='word_1_26' title='bbox 1388 961 1421 1025; x_wconf 92' lang='lat' dir='ltr'>si</span> 
     </span>
     <span class='ocr_line' id='line_1_5' title="bbox 420 1066 1420 1152; baseline 0 -20"><span class='ocrx_word' id='word_1_27' title='bbox 420 1089 485 1132; x_wconf 92' lang='lat' dir='ltr'>non</span> <span class='ocrx_word' id='word_1_28' title='bbox 507 1082 612 1133; x_wconf 78' lang='lat' dir='ltr'>essent</span> <span class='ocrx_word' id='word_1_29' title='bbox 629 1068 721 1131; x_wconf 91' lang='lat' dir='ltr'>lucro</span> <span class='ocrx_word' id='word_1_30' title='bbox 736 1066 967 1152; x_wconf 76' lang='lat' dir='ltr'>temporalium</span> <span class='ocrx_word' id='word_1_31' title='bbox 983 1068 1132 1149; x_wconf 86' lang='lat' dir='ltr'>excecati,</span> <span class='ocrx_word' id='word_1_32' title='bbox 1154 1066 1246 1132; x_wconf 90' lang='lat' dir='ltr'>cuius</span> <span class='ocrx_word' id='word_1_33' title='bbox 1262 1066 1420 1151; x_wconf 90' lang='lat' dir='ltr'>probacio</span> 
     </span>
     <span class='ocr_line' id='line_1_6' title="bbox 394 1170 1420 1258; baseline -0.008 -16"><span class='ocrx_word' id='word_1_34' title='bbox 394 1172 510 1255; x_wconf 62' lang='lat' dir='ltr'>floret,</span> <span class='ocrx_word' id='word_1_35' title='bbox 532 1173 558 1236; x_wconf 89' lang='lat' dir='ltr'>si</span> <span class='ocrx_word' id='word_1_36' title='bbox 581 1172 728 1258; x_wconf 90' lang='lat' dir='ltr'>princeps</span> <span class='ocrx_word' id='word_1_37' title='bbox 751 1172 880 1237; x_wconf 89' lang='lat' dir='ltr'>tolleret</span> <span class='ocrx_word' id='word_1_38' title='bbox 902 1186 1065 1258; x_wconf 84' lang='lat' dir='ltr'>questum,</span> <span class='ocrx_word' id='word_1_39' title='bbox 1088 1171 1329 1237; x_wconf 89' lang='lat' dir='ltr'>renunciaretur</span> <span class='ocrx_word' id='word_1_40' title='bbox 1350 1170 1420 1255; x_wconf 90' lang='lat' dir='ltr'>pri·</span> 
     </span>
     <span class='ocr_line' id='line_1_7' title="bbox 419 1275 1420 1362; baseline 0.002 -22"><span class='ocrx_word' id='word_1_41' title='bbox 419 1278 585 1360; x_wconf 85' lang='lat' dir='ltr'>vilegiunr;</span> <span class='ocrx_word' id='word_1_42' title='bbox 599 1278 655 1341; x_wconf 88' lang='lat' dir='ltr'>sed</span> <span class='ocrx_word' id='word_1_43' title='bbox 671 1276 955 1341; x_wconf 87' lang='lat' dir='ltr'>sceleratissimum</span> <span class='ocrx_word' id='word_1_44' title='bbox 971 1275 1098 1341; x_wconf 79' lang='lat' dir='ltr'>videtur</span> <span class='ocrx_word' id='word_1_45' title='bbox 1111 1289 1209 1362; x_wconf 89' lang='lat' dir='ltr'>atque</span> <span class='ocrx_word' id='word_1_46' title='bbox 1224 1275 1420 1362; x_wconf 89' lang='lat' dir='ltr'>sacrilegum</span> 
     </span>
     <span class='ocr_line' id='line_1_8' title="bbox 305 1380 1245 1465; baseline 0.003 -22"><span class='ocrx_word' id='word_1_47' title='bbox 305 1405 310 1413; x_wconf 92' lang='lat'><strong>·</strong></span> <span class='ocrx_word' id='word_1_48' title='bbox 419 1401 479 1464; x_wconf 91' lang='lat' dir='ltr'>pro</span> <span class='ocrx_word' id='word_1_49' title='bbox 509 1380 652 1465; x_wconf 89' lang='lat' dir='ltr'>pecuniis</span> <span class='ocrx_word' id='word_1_50' title='bbox 678 1383 816 1446; x_wconf 81' lang='lat' dir='ltr'>rendere</span> <span class='ocrx_word' id='word_1_51' title='bbox 850 1380 999 1445; x_wconf 85' lang='lat' dir='ltr'>divinum</span> <span class='ocrx_word' id='word_1_52' title='bbox 1032 1380 1245 1465; x_wconf 83' lang='lat' dir='ltr'>privilegium.</span> 
     </span>
     <span class='ocr_line' id='line_1_9' title="bbox 381 1485 1622 1572; baseline 0 -23"><span class='ocrx_word' id='word_1_53' title='bbox 381 1504 410 1558; x_wconf 79' lang='lat' dir='ltr'>n</span> <span class='ocrx_word' id='word_1_54' title='bbox 463 1487 503 1550; x_wconf 87' lang='lat' dir='ltr'>Et</span> <span class='ocrx_word' id='word_1_55' title='bbox 535 1506 591 1572; x_wconf 92' lang='lat' dir='ltr'>per</span> <span class='ocrx_word' id='word_1_56' title='bbox 621 1486 707 1550; x_wconf 90' lang='lat' dir='ltr'>idem</span> <span class='ocrx_word' id='word_1_57' title='bbox 729 1485 853 1551; x_wconf 89' lang='lat' dir='ltr'>tollitur</span> <span class='ocrx_word' id='word_1_58' title='bbox 881 1487 972 1571; x_wconf 90' lang='lat' dir='ltr'>quod</span> <span class='ocrx_word' id='word_1_59' title='bbox 999 1486 1087 1571; x_wconf 89' lang='lat' dir='ltr'>leges</span> <span class='ocrx_word' id='word_1_60' title='bbox 1110 1486 1227 1571; x_wconf 74' lang='lat' dir='ltr'>Anglie</span> <span class='ocrx_word' id='word_1_61' title='bbox 1250 1507 1317 1551; x_wconf 90' lang='lat' dir='ltr'>non</span> <span class='ocrx_word' id='word_1_62' title='bbox 1340 1506 1417 1550; x_wconf 91' lang='lat' dir='ltr'>mu·</span> <span class='ocrx_word' id='word_1_63' title='bbox 1437 1507 1485 1542; x_wconf 72' lang='lat' dir='ltr'>nor</span> <span class='ocrx_word' id='word_1_64' title='bbox 1499 1496 1541 1541; x_wconf 77' lang='lat' dir='ltr'>ne</span> <span class='ocrx_word' id='word_1_65' title='bbox 1556 1496 1622 1559; x_wconf 64' lang='lat'>81¹&lt;</span> 
     </span>
    </p>
   </div>
   <div class='ocr_carea' id='block_1_3' title="bbox 419 1550 1621 1676">
    <p class='ocr_par' dir='ltr' id='par_1_3' title="bbox 419 1550 1621 1676">
     <span class='ocr_line' id='line_1_10' title="bbox 419 1550 1621 1676; baseline 0 -22"><span class='ocrx_word' id='word_1_66' title='bbox 419 1605 558 1655; x_wconf 86' lang='lat' dir='ltr'>tarentus</span> <span class='ocrx_word' id='word_1_67' title='bbox 569 1604 712 1675; x_wconf 82' lang='lat' dir='ltr'>pretextu</span> <span class='ocrx_word' id='word_1_68' title='bbox 727 1592 843 1656; x_wconf 90' lang='lat' dir='ltr'>erroris</span> <span class='ocrx_word' id='word_1_69' title='bbox 858 1590 892 1654; x_wconf 92' lang='lat' dir='ltr'>in</span> <span class='ocrx_word' id='word_1_70' title='bbox 908 1593 970 1655; x_wconf 88' lang='lat' dir='ltr'>hoc</span> <span class='ocrx_word' id='word_1_71' title='bbox 985 1590 1163 1676; x_wconf 80' lang='lat' dir='ltr'>privilegio,</span> <span class='ocrx_word' id='word_1_72' title='bbox 1180 1591 1418 1656; x_wconf 89' lang='lat' dir='ltr'>introducendo</span> <span class='ocrx_word' id='word_1_73' title='bbox 1428 1550 1621 1647; x_wconf 54' lang='lat' dir='ltr'>tffiffii</span> 
     </span>
    </p>
   </div>
   <div class='ocr_carea' id='block_1_4' title="bbox 380 1652 1621 2303">
    <p class='ocr_par' dir='ltr' id='par_1_4' title="bbox 380 1652 1621 2303">
     <span class='ocr_line' id='line_1_11' title="bbox 380 1652 1584 1781; baseline 0.004 -25"><span class='ocrx_word' id='word_1_74' title='bbox 380 1696 557 1768; x_wconf 67' lang='lat' dir='ltr'>,obuncum</span> <span class='ocrx_word' id='word_1_75' title='bbox 579 1695 671 1778; x_wconf 86' lang='lat' dir='ltr'>regis,</span> <span class='ocrx_word' id='word_1_76' title='bbox 698 1695 768 1759; x_wconf 89' lang='lat' dir='ltr'>eius</span> <span class='ocrx_word' id='word_1_77' title='bbox 795 1693 937 1760; x_wconf 87' lang='lat' dir='ltr'>iudicem</span> <span class='ocrx_word' id='word_1_78' title='bbox 959 1695 1010 1758; x_wconf 82' lang='lat' dir='ltr'>vel</span> <span class='ocrx_word' id='word_1_79' title='bbox 1032 1695 1188 1781; x_wconf 85' lang='lat' dir='ltr'>placitum</span> <span class='ocrx_word' id='word_1_80' title='bbox 1214 1695 1355 1760; x_wconf 88' lang='lat' dir='ltr'>seculare</span> <span class='ocrx_word' id='word_1_81' title='bbox 1382 1695 1418 1760; x_wconf 91' lang='lat' dir='ltr'>in</span> <span class='ocrx_word' id='word_1_82' title='bbox 1506 1652 1584 1698; x_wconf 58' lang='lat' dir='ltr'>&#39;m&#39;</span> 
     </span>
     <span class='ocr_line' id='line_1_12' title="bbox 420 1799 1419 1882; baseline 0.001 -19"><span class='ocrx_word' id='word_1_83' title='bbox 420 1801 556 1864; x_wconf 88' lang='lat' dir='ltr'>domum</span> <span class='ocrx_word' id='word_1_84' title='bbox 586 1800 725 1882; x_wconf 84' lang='lat' dir='ltr'>domini;</span> <span class='ocrx_word' id='word_1_85' title='bbox 763 1815 840 1865; x_wconf 90' lang='lat' dir='ltr'>tunc</span> <span class='ocrx_word' id='word_1_86' title='bbox 873 1801 962 1864; x_wconf 88' lang='lat' dir='ltr'>enim</span> <span class='ocrx_word' id='word_1_87' title='bbox 994 1799 1076 1865; x_wconf 89' lang='lat' dir='ltr'>loret</span> <span class='ocrx_word' id='word_1_88' title='bbox 1104 1800 1297 1865; x_wconf 81' lang='lat' dir='ltr'>novissimus</span> <span class='ocrx_word' id='word_1_89' title='bbox 1328 1820 1419 1864; x_wconf 85' lang='lat' dir='ltr'>error</span> 
     </span>
     <span class='ocr_line' id='line_1_13' title="bbox 420 1903 1419 1990; baseline 0.001 -23"><span class='ocrx_word' id='word_1_90' title='bbox 420 1905 510 1989; x_wconf 90' lang='lat' dir='ltr'>peior</span> <span class='ocrx_word' id='word_1_91' title='bbox 537 1905 651 1990; x_wconf 85' lang='lat' dir='ltr'>priore,</span> <span class='ocrx_word' id='word_1_92' title='bbox 686 1926 762 1970; x_wconf 89' lang='lat' dir='ltr'>cum</span> <span class='ocrx_word' id='word_1_93' title='bbox 785 1926 873 1969; x_wconf 89' lang='lat' dir='ltr'>error</span> <span class='ocrx_word' id='word_1_94' title='bbox 906 1904 1089 1990; x_wconf 89' lang='lat' dir='ltr'>ignorancie</span> <span class='ocrx_word' id='word_1_95' title='bbox 1120 1903 1222 1969; x_wconf 85' lang='lat' dir='ltr'>lactus</span> <span class='ocrx_word' id='word_1_96' title='bbox 1249 1905 1282 1969; x_wconf 90' lang='lat' dir='ltr'>in</span> <span class='ocrx_word' id='word_1_97' title='bbox 1311 1905 1419 1970; x_wconf 86' lang='lat' dir='ltr'>Deum</span> 
     </span>
     <span class='ocr_line' id='line_1_14' title="bbox 420 2009 1418 2095; baseline 0.003 -23"><span class='ocrx_word' id='word_1_98' title='bbox 420 2024 588 2092; x_wconf 78' lang='lat' dir='ltr'>augeretur</span> <span class='ocrx_word' id='word_1_99' title='bbox 609 2009 794 2095; x_wconf 87' lang='lat' dir='ltr'>supplecius</span> <span class='ocrx_word' id='word_1_100' title='bbox 817 2030 875 2095; x_wconf 91' lang='lat' dir='ltr'>per</span> <span class='ocrx_word' id='word_1_101' title='bbox 898 2010 1054 2095; x_wconf 88' lang='lat' dir='ltr'>supinum</span> <span class='ocrx_word' id='word_1_102' title='bbox 1076 2024 1317 2095; x_wconf 63' lang='lat' dir='ltr'>contemptum</span> <span class='ocrx_word' id='word_1_103' title='bbox 1340 2030 1418 2075; x_wconf 86' lang='lat' dir='ltr'>nam</span> 
     </span>
     <span class='ocr_line' id='line_1_15' title="bbox 421 2112 1417 2199; baseline 0.001 -24"><span class='ocrx_word' id='word_1_104' title='bbox 421 2133 523 2177; x_wconf 88' lang='lat' dir='ltr'>unum</span> <span class='ocrx_word' id='word_1_105' title='bbox 539 2129 705 2198; x_wconf 88' lang='lat' dir='ltr'>peccatum</span> <span class='ocrx_word' id='word_1_106' title='bbox 721 2114 929 2199; x_wconf 90' lang='lat' dir='ltr'>illaqueando</span> <span class='ocrx_word' id='word_1_107' title='bbox 944 2112 1137 2198; x_wconf 77' lang='lat' dir='ltr'>profundius</span> <span class='ocrx_word' id='word_1_108' title='bbox 1152 2113 1248 2179; x_wconf 87' lang='lat' dir='ltr'>trahit</span> <span class='ocrx_word' id='word_1_109' title='bbox 1262 2114 1303 2177; x_wconf 89' lang='lat' dir='ltr'>ad</span> <span class='ocrx_word' id='word_1_110' title='bbox 1318 2114 1417 2178; x_wconf 87' lang='lat' dir='ltr'>aliud.</span> 
     </span>
     <span class='ocr_line' id='line_1_16' title="bbox 381 2216 1621 2303; baseline 0.002 -22"><span class='ocrx_word' id='word_1_111' title='bbox 381 2237 409 2289; x_wconf 77' lang='grc'>,5</span> <span class='ocrx_word' id='word_1_112' title='bbox 464 2220 579 2295; x_wconf 85' lang='lat' dir='ltr'>Quoad</span> <span class='ocrx_word' id='word_1_113' title='bbox 603 2219 732 2282; x_wconf 87' lang='lat' dir='ltr'>terciam</span> <span class='ocrx_word' id='word_1_114' title='bbox 760 2239 945 2303; x_wconf 87' lang='lat' dir='ltr'>personam,</span> <span class='ocrx_word' id='word_1_115' title='bbox 978 2218 1097 2283; x_wconf 88' lang='lat' dir='ltr'>scilicet</span> <span class='ocrx_word' id='word_1_116' title='bbox 1127 2216 1295 2303; x_wconf 80' lang='lat' dir='ltr'>fugientes,</span> <span class='ocrx_word' id='word_1_117' title='bbox 1329 2231 1419 2302; x_wconf 87' lang='lat' dir='ltr'>patet</span> <span class='ocrx_word' id='word_1_118' title='bbox 1434 2224 1621 2287; x_wconf 28' lang='lat' dir='ltr'>susteatet-1</span> 
     </span>
    </p>
   </div>
   <div class='ocr_carea' id='block_1_5' title="bbox 1443 2279 1620 2323">
    <p class='ocr_par' dir='ltr' id='par_1_5' title="bbox 1443 2279 1620 2323">
     <span class='ocr_line' id='line_1_17' title="bbox 1443 2279 1620 2323; baseline 0.011 -2"><span class='ocrx_word' id='word_1_119' title='bbox 1443 2285 1507 2322; x_wconf 74' lang='lat' dir='ltr'>trees</span> <span class='ocrx_word' id='word_1_120' title='bbox 1522 2284 1541 2322; x_wconf 83' lang='lat' dir='ltr'>tr</span> <span class='ocrx_word' id='word_1_121' title='bbox 1560 2279 1583 2323; x_wconf 89' lang='lat' dir='ltr'>ls</span> <span class='ocrx_word' id='word_1_122' title='bbox 1597 2291 1620 2323; x_wconf 78' lang='lat' dir='ltr'>ar</span> 
     </span>
    </p>
   </div>
   <div class='ocr_carea' id='block_1_6' title="bbox 420 2318 1621 2428">
    <p class='ocr_par' dir='ltr' id='par_1_6' title="bbox 420 2318 1621 2428">
     <span class='ocr_line' id='line_1_18' title="bbox 420 2318 1621 2428; baseline -0.011 -43"><span class='ocrx_word' id='word_1_123' title='bbox 420 2318 515 2405; x_wconf 89' lang='lat' dir='ltr'>quod</span> <span class='ocrx_word' id='word_1_124' title='bbox 542 2323 742 2408; x_wconf 76' lang='lat' dir='ltr'>privilegians</span> <span class='ocrx_word' id='word_1_125' title='bbox 770 2323 908 2387; x_wconf 87' lang='lat' dir='ltr'>intendit</span> <span class='ocrx_word' id='word_1_126' title='bbox 936 2326 1147 2388; x_wconf 90' lang='lat' dir='ltr'>commodum</span> <span class='ocrx_word' id='word_1_127' title='bbox 1172 2321 1309 2406; x_wconf 73' lang='lat' dir='ltr'>fugitivi,</span> <span class='ocrx_word' id='word_1_128' title='bbox 1341 2322 1419 2408; x_wconf 85' lang='lat' dir='ltr'>quis</span> <span class='ocrx_word' id='word_1_129' title='bbox 1444 2330 1621 2428; x_wconf 52' lang='lat' dir='ltr'>affirm</span> 
     </span>
    </p>
   </div>
   <div class='ocr_carea' id='block_1_7' title="bbox 352 2427 1620 4083">
    <p class='ocr_par' dir='ltr' id='par_1_7' title="bbox 352 2427 1620 4083">
     <span class='ocr_line' id='line_1_19' title="bbox 420 2427 1620 2533; baseline 0.002 -44"><span class='ocrx_word' id='word_1_130' title='bbox 420 2427 508 2490; x_wconf 90' lang='lat' dir='ltr'>aliter</span> <span class='ocrx_word' id='word_1_131' title='bbox 532 2448 596 2490; x_wconf 91' lang='lat' dir='ltr'>non</span> <span class='ocrx_word' id='word_1_132' title='bbox 620 2442 700 2492; x_wconf 88' lang='lat' dir='ltr'>esset</span> <span class='ocrx_word' id='word_1_133' title='bbox 723 2428 782 2490; x_wconf 92' lang='lat' dir='ltr'>sibi</span> <span class='ocrx_word' id='word_1_134' title='bbox 811 2428 988 2493; x_wconf 85' lang='lat' dir='ltr'>elemosina</span> <span class='ocrx_word' id='word_1_135' title='bbox 1011 2429 1060 2491; x_wconf 85' lang='lat' dir='ltr'>vel</span> <span class='ocrx_word' id='word_1_136' title='bbox 1087 2447 1172 2512; x_wconf 91' lang='lat' dir='ltr'>opus</span> <span class='ocrx_word' id='word_1_137' title='bbox 1201 2427 1418 2492; x_wconf 84' lang='lat' dir='ltr'>misericordie</span> <span class='ocrx_word' id='word_1_138' title='bbox 1443 2436 1607 2533; x_wconf 51' lang='lat' dir='ltr'>“mm</span> <span class='ocrx_word' id='word_1_139' title='bbox 1616 2435 1620 2480; x_wconf 76' lang='lat' dir='ltr'>l</span> 
     </span>
     <span class='ocr_line' id='line_1_20' title="bbox 421 2530 1419 2617; baseline 0.003 -24"><span class='ocrx_word' id='word_1_140' title='bbox 421 2532 475 2593; x_wconf 83' lang='lat' dir='ltr'>sed</span> <span class='ocrx_word' id='word_1_141' title='bbox 508 2531 642 2597; x_wconf 90' lang='lat' dir='ltr'>omnino</span> <span class='ocrx_word' id='word_1_142' title='bbox 674 2533 882 2614; x_wconf 86' lang='lat' dir='ltr'>contrarium,</span> <span class='ocrx_word' id='word_1_143' title='bbox 919 2532 945 2597; x_wconf 90' lang='lat' dir='ltr'>si</span> <span class='ocrx_word' id='word_1_144' title='bbox 979 2533 1158 2596; x_wconf 86' lang='lat' dir='ltr'>intenderet</span> <span class='ocrx_word' id='word_1_145' title='bbox 1189 2530 1419 2617; x_wconf 88' lang='lat' dir='ltr'>dampnificare</span> 
     </span>
     <span class='ocr_line' id='line_1_21' title="bbox 352 2635 1420 2721; baseline 0.002 -23"><span class='ocrx_word' id='word_1_146' title='bbox 352 2653 411 2707; x_wconf 57' lang='grc' dir='ltr'>κη·</span> <span class='ocrx_word' id='word_1_147' title='bbox 422 2636 613 2719; x_wconf 85' lang='lat' dir='ltr'>proximum.</span> <span class='ocrx_word' id='word_1_148' title='bbox 657 2637 758 2715; x_wconf 90' lang='lat' dir='ltr'>Quod</span> <span class='ocrx_word' id='word_1_149' title='bbox 795 2652 906 2702; x_wconf 86' lang='lat' dir='ltr'>autem</span> <span class='ocrx_word' id='word_1_150' title='bbox 944 2651 1027 2702; x_wconf 88' lang='lat' dir='ltr'>esset</span> <span class='ocrx_word' id='word_1_151' title='bbox 1063 2636 1097 2700; x_wconf 91' lang='lat' dir='ltr'>in</span> <span class='ocrx_word' id='word_1_152' title='bbox 1133 2657 1209 2701; x_wconf 89' lang='lat' dir='ltr'>casu</span> <span class='ocrx_word' id='word_1_153' title='bbox 1247 2635 1420 2721; x_wconf 74' lang='lat' dir='ltr'>fugitivo*</span> 
     </span>
     <span class='ocr_line' id='line_1_22' title="bbox 398 2741 1419 2828; baseline 0.003 -26"><span class='ocrx_word' id='word_1_154' title='bbox 398 2741 622 2826; x_wconf 83' lang='lat' dir='ltr'>1privilegium</span> <span class='ocrx_word' id='word_1_155' title='bbox 655 2743 700 2806; x_wconf 90' lang='lat' dir='ltr'>sic</span> <span class='ocrx_word' id='word_1_156' title='bbox 739 2743 858 2827; x_wconf 84' lang='lat' dir='ltr'>puniri,</span> <span class='ocrx_word' id='word_1_157' title='bbox 904 2757 993 2828; x_wconf 85' lang='lat' dir='ltr'>patet</span> <span class='ocrx_word' id='word_1_158' title='bbox 1033 2741 1250 2826; x_wconf 89' lang='lat' dir='ltr'>supponendo</span> <span class='ocrx_word' id='word_1_159' title='bbox 1290 2741 1419 2827; x_wconf 85' lang='lat' dir='ltr'>aliquos</span> 
     </span>
     <span class='ocr_line' id='line_1_23' title="bbox 422 2844 1418 2932; baseline -0.001 -24"><span class='ocrx_word' id='word_1_160' title='bbox 422 2845 587 2910; x_wconf 81' lang='lat' dir='ltr'>occasione</span> <span class='ocrx_word' id='word_1_161' title='bbox 617 2848 701 2911; x_wconf 89' lang='lat' dir='ltr'>male</span> <span class='ocrx_word' id='word_1_162' title='bbox 730 2861 860 2932; x_wconf 85' lang='lat' dir='ltr'>acceptu</span> <span class='ocrx_word' id='word_1_163' title='bbox 883 2868 922 2911; x_wconf 82' lang='lat' dir='ltr'>ca</span> <span class='ocrx_word' id='word_1_164' title='bbox 946 2845 1114 2911; x_wconf 84' lang='lat' dir='ltr'>securitate</span> <span class='ocrx_word' id='word_1_165' title='bbox 1136 2846 1208 2910; x_wconf 89' lang='lat' dir='ltr'>talis</span> <span class='ocrx_word' id='word_1_166' title='bbox 1230 2844 1343 2931; x_wconf 74' lang='lat' dir='ltr'>refugii</span> <span class='ocrx_word' id='word_1_167' title='bbox 1367 2844 1418 2908; x_wconf 91' lang='lat' dir='ltr'>in·</span> 
     </span>
     <span class='ocr_line' id='line_1_24' title="bbox 422 2949 1419 3037; baseline 0.001 -25"><span class='ocrx_word' id='word_1_168' title='bbox 422 2950 525 3013; x_wconf 89' lang='lat' dir='ltr'>iuriari</span> <span class='ocrx_word' id='word_1_169' title='bbox 548 2951 702 3035; x_wconf 83' lang='lat' dir='ltr'>proximis</span> <span class='ocrx_word' id='word_1_170' title='bbox 735 2966 767 3017; x_wconf 89' lang='lat' dir='ltr'>et</span> <span class='ocrx_word' id='word_1_171' title='bbox 799 2953 845 3017; x_wconf 89' lang='lat' dir='ltr'>sic</span> <span class='ocrx_word' id='word_1_172' title='bbox 873 2950 1102 3037; x_wconf 88' lang='lat' dir='ltr'>dampnificare</span> <span class='ocrx_word' id='word_1_173' title='bbox 1125 2951 1249 3016; x_wconf 75' lang='lat' dir='ltr'>auinaue</span> <span class='ocrx_word' id='word_1_174' title='bbox 1271 2949 1419 3035; x_wconf 91' lang='lat' dir='ltr'>proprias</span> 
     </span>
     <span class='ocr_line' id='line_1_25' title="bbox 391 3055 1419 3143; baseline 0.001 -26"><span class='ocrx_word' id='word_1_175' title='bbox 391 3075 478 3137; x_wconf 82' lang='lat' dir='ltr'>2per</span> <span class='ocrx_word' id='word_1_176' title='bbox 504 3070 679 3139; x_wconf 89' lang='lat' dir='ltr'>peccatum.</span> <span class='ocrx_word' id='word_1_177' title='bbox 724 3058 886 3143; x_wconf 89' lang='lat' dir='ltr'>Suppono</span> <span class='ocrx_word' id='word_1_178' title='bbox 909 3057 1053 3121; x_wconf 57' lang='lat' dir='ltr'>arundo</span> <span class='ocrx_word' id='word_1_179' title='bbox 1081 3056 1171 3141; x_wconf 88' lang='lat' dir='ltr'>quod</span> <span class='ocrx_word' id='word_1_180' title='bbox 1196 3055 1301 3119; x_wconf 89' lang='lat' dir='ltr'>maius</span> <span class='ocrx_word' id='word_1_181' title='bbox 1331 3074 1419 3139; x_wconf 91' lang='lat' dir='ltr'>opus</span> 
     </span>
     <span class='ocr_line' id='line_1_26' title="bbox 422 3157 1420 3246; baseline 0.001 -24"><span class='ocrx_word' id='word_1_182' title='bbox 422 3160 632 3224; x_wconf 84' lang='lat' dir='ltr'>misericordie</span> <span class='ocrx_word' id='word_1_183' title='bbox 664 3160 745 3225; x_wconf 85' lang='lat' dir='ltr'>foret</span> <span class='ocrx_word' id='word_1_184' title='bbox 777 3161 933 3246; x_wconf 90' lang='lat' dir='ltr'>impedire</span> <span class='ocrx_word' id='word_1_185' title='bbox 970 3160 1170 3225; x_wconf 89' lang='lat' dir='ltr'>occidentem</span> <span class='ocrx_word' id='word_1_186' title='bbox 1203 3158 1249 3224; x_wconf 88' lang='lat' dir='ltr'>sir</span> <span class='ocrx_word' id='word_1_187' title='bbox 1275 3157 1420 3223; x_wconf 86' lang='lat' dir='ltr'>animam</span> 
     </span>
     <span class='ocr_line' id='line_1_27' title="bbox 379 3264 1418 3350; baseline 0.002 -23"><span class='ocrx_word' id='word_1_188' title='bbox 379 3264 582 3348; x_wconf 78' lang='lat' dir='ltr'>25propriam</span> <span class='ocrx_word' id='word_1_189' title='bbox 618 3286 716 3350; x_wconf 90' lang='lat' dir='ltr'>quam</span> <span class='ocrx_word' id='word_1_190' title='bbox 749 3266 895 3330; x_wconf 88' lang='lat' dir='ltr'>occidere</span> <span class='ocrx_word' id='word_1_191' title='bbox 934 3267 1100 3330; x_wconf 84' lang='lat' dir='ltr'>volentem</span> <span class='ocrx_word' id='word_1_192' title='bbox 1132 3265 1259 3328; x_wconf 91' lang='lat' dir='ltr'>nudum</span> <span class='ocrx_word' id='word_1_193' title='bbox 1289 3283 1418 3349; x_wconf 89' lang='lat' dir='ltr'>corpus.</span> 
     </span>
     <span class='ocr_line' id='line_1_28' title="bbox 423 3368 1420 3455; baseline 0.002 -24"><span class='ocrx_word' id='word_1_194' title='bbox 423 3369 463 3432; x_wconf 78' lang='lat' dir='ltr'>lit</span> <span class='ocrx_word' id='word_1_195' title='bbox 489 3369 527 3433; x_wconf 85' lang='lat' dir='ltr'>ex&#39;</span> <span class='ocrx_word' id='word_1_196' title='bbox 550 3369 616 3433; x_wconf 91' lang='lat' dir='ltr'>istis</span> <span class='ocrx_word' id='word_1_197' title='bbox 639 3370 735 3433; x_wconf 91' lang='lat' dir='ltr'>tercio</span> <span class='ocrx_word' id='word_1_198' title='bbox 758 3370 804 3433; x_wconf 85' lang='lat' dir='ltr'>sic</span> <span class='ocrx_word' id='word_1_199' title='bbox 833 3370 991 3455; x_wconf 80' lang='lat' dir='ltr'>arguitur:</span> <span class='ocrx_word' id='word_1_200' title='bbox 1026 3369 1135 3435; x_wconf 91' lang='lat' dir='ltr'>Omne</span> <span class='ocrx_word' id='word_1_201' title='bbox 1161 3369 1267 3434; x_wconf 88' lang='lat' dir='ltr'>maius</span> <span class='ocrx_word' id='word_1_202' title='bbox 1293 3368 1420 3433; x_wconf 86' lang='lat' dir='ltr'>bonum</span> 
     </span>
     <span class='ocr_line' id='line_1_29' title="bbox 422 3473 1420 3559; baseline 0.003 -25"><span class='ocrx_word' id='word_1_203' title='bbox 422 3494 504 3556; x_wconf 91' lang='lat' dir='ltr'>opus</span> <span class='ocrx_word' id='word_1_204' title='bbox 528 3473 739 3538; x_wconf 87' lang='lat' dir='ltr'>misericordie</span> <span class='ocrx_word' id='word_1_205' title='bbox 762 3490 812 3540; x_wconf 87' lang='lat' dir='ltr'>est</span> <span class='ocrx_word' id='word_1_206' title='bbox 827 3474 942 3559; x_wconf 83' lang='lat' dir='ltr'>pocius</span> <span class='ocrx_word' id='word_1_207' title='bbox 959 3475 1212 3559; x_wconf 81' lang='lat' dir='ltr'>inpendendum,</span> <span class='ocrx_word' id='word_1_208' title='bbox 1235 3474 1291 3538; x_wconf 90' lang='lat' dir='ltr'>sed</span> <span class='ocrx_word' id='word_1_209' title='bbox 1314 3473 1420 3537; x_wconf 86' lang='lat' dir='ltr'>maius</span> 
     </span>
     <span class='ocr_line' id='line_1_30' title="bbox 422 3578 1419 3662; baseline 0.002 -23"><span class='ocrx_word' id='word_1_210' title='bbox 422 3579 545 3640; x_wconf 90' lang='lat' dir='ltr'>bonum</span> <span class='ocrx_word' id='word_1_211' title='bbox 573 3599 655 3662; x_wconf 91' lang='lat' dir='ltr'>opus</span> <span class='ocrx_word' id='word_1_212' title='bbox 687 3579 905 3643; x_wconf 86' lang='lat' dir='ltr'>misericordie</span> <span class='ocrx_word' id='word_1_213' title='bbox 937 3593 985 3644; x_wconf 85' lang='lat' dir='ltr'>est</span> <span class='ocrx_word' id='word_1_214' title='bbox 1020 3578 1206 3644; x_wconf 86' lang='lat' dir='ltr'>subtrahere</span> <span class='ocrx_word' id='word_1_215' title='bbox 1242 3578 1369 3642; x_wconf 86' lang='lat' dir='ltr'>bonum</span> <span class='ocrx_word' id='word_1_216' title='bbox 1399 3598 1419 3641; x_wconf 87' lang='lat' dir='ltr'>a</span> 
     </span>
     <span class='ocr_line' id='line_1_31' title="bbox 421 3682 1420 3768; baseline 0.002 -23"><span class='ocrx_word' id='word_1_217' title='bbox 421 3683 475 3745; x_wconf 89' lang='lat' dir='ltr'>tali</span> <span class='ocrx_word' id='word_1_218' title='bbox 500 3682 531 3744; x_wconf 92' lang='lat' dir='ltr'>in</span> <span class='ocrx_word' id='word_1_219' title='bbox 555 3703 629 3746; x_wconf 89' lang='lat' dir='ltr'>casu</span> <span class='ocrx_word' id='word_1_220' title='bbox 652 3683 778 3767; x_wconf 90' lang='lat' dir='ltr'>signato</span> <span class='ocrx_word' id='word_1_221' title='bbox 802 3697 835 3747; x_wconf 88' lang='lat' dir='ltr'>et</span> <span class='ocrx_word' id='word_1_222' title='bbox 857 3683 1012 3768; x_wconf 85' lang='lat' dir='ltr'>castigare</span> <span class='ocrx_word' id='word_1_223' title='bbox 1034 3683 1203 3748; x_wconf 76' lang='lat' dir='ltr'>freneticos</span> <span class='ocrx_word' id='word_1_224' title='bbox 1225 3682 1420 3747; x_wconf 88' lang='lat' dir='ltr'>adsalutem</span> 
     </span>
     <span class='ocr_line' id='line_1_32' title="bbox 378 3787 1420 3873; baseline -0.001 -21"><span class='ocrx_word' id='word_1_225' title='bbox 378 3799 535 3852; x_wconf 86' lang='lat' dir='ltr'>3oeorum</span> <span class='ocrx_word' id='word_1_226' title='bbox 569 3801 768 3872; x_wconf 86' lang='lat' dir='ltr'>perpetuam,</span> <span class='ocrx_word' id='word_1_227' title='bbox 804 3808 905 3873; x_wconf 88' lang='lat' dir='ltr'>quarn</span> <span class='ocrx_word' id='word_1_228' title='bbox 938 3801 1086 3871; x_wconf 88' lang='lat' dir='ltr'>egentem</span> <span class='ocrx_word' id='word_1_229' title='bbox 1121 3788 1229 3852; x_wconf 92' lang='lat' dir='ltr'>solum</span> <span class='ocrx_word' id='word_1_230' title='bbox 1260 3787 1293 3850; x_wconf 90' lang='lat' dir='ltr'>in</span> <span class='ocrx_word' id='word_1_231' title='bbox 1325 3787 1420 3851; x_wconf 90' lang='lat' dir='ltr'>bonis</span> 
     </span>
     <span class='ocr_line' id='line_1_33' title="bbox 422 3890 1419 3975; baseline 0.002 -23"><span class='ocrx_word' id='word_1_232' title='bbox 422 3890 637 3975; x_wconf 88' lang='lat' dir='ltr'>corporalibus</span> <span class='ocrx_word' id='word_1_233' title='bbox 668 3892 771 3958; x_wconf 88' lang='lat' dir='ltr'>taliter</span> <span class='ocrx_word' id='word_1_234' title='bbox 802 3893 957 3973; x_wconf 83' lang='lat' dir='ltr'>relevare;</span> <span class='ocrx_word' id='word_1_235' title='bbox 991 3912 1068 3975; x_wconf 87' lang='lat' dir='ltr'>ergo</span> <span class='ocrx_word' id='word_1_236' title='bbox 1095 3892 1185 3955; x_wconf 91' lang='lat' dir='ltr'>illam</span> <span class='ocrx_word' id='word_1_237' title='bbox 1208 3891 1419 3956; x_wconf 87' lang='lat' dir='ltr'>elemosinam</span> 
     </span>
     <span class='ocr_line' id='line_1_34' title="bbox 421 3987 1418 4083; baseline 0.004 -27"><span class='ocrx_word' id='word_1_238' title='bbox 421 4009 536 4077; x_wconf 91' lang='lat' dir='ltr'>potens</span> <span class='ocrx_word' id='word_1_239' title='bbox 567 3996 679 4080; x_wconf 89' lang='lat' dir='ltr'>pocius</span> <span class='ocrx_word' id='word_1_240' title='bbox 702 3998 796 4061; x_wconf 86' lang='lat' dir='ltr'>debet</span> <span class='ocrx_word' id='word_1_241' title='bbox 819 3997 1004 4082; x_wconf 86' lang='lat' dir='ltr'>inpendere.</span> <span class='ocrx_word' id='word_1_242' title='bbox 1038 3987 1216 4081; x_wconf 83' lang='lat' dir='ltr'>Supposito</span> <span class='ocrx_word' id='word_1_243' title='bbox 1244 4017 1320 4083; x_wconf 89' lang='lat' dir='ltr'>ergo</span> <span class='ocrx_word' id='word_1_244' title='bbox 1342 4015 1418 4061; x_wconf 86' lang='lat' dir='ltr'>casu</span> 
     </span>
    </p>
   </div>
   <div class='ocr_carea' id='block_1_8' title="bbox 421 4098 1337 4184">
    <p class='ocr_par' dir='ltr' id='par_1_8' title="bbox 421 4098 1337 4184">
     <span class='ocr_line' id='line_1_35' title="bbox 421 4098 1337 4184; baseline 0.004 -24"><span class='ocrx_word' id='word_1_245' title='bbox 421 4099 460 4161; x_wconf 90' lang='lat' dir='ltr'>de</span> <span class='ocrx_word' id='word_1_246' title='bbox 484 4098 632 4183; x_wconf 76' lang='lat' dir='ltr'>fugitivis,</span> <span class='ocrx_word' id='word_1_247' title='bbox 655 4100 700 4165; x_wconf 89' lang='lat' dir='ltr'>sic</span> <span class='ocrx_word' id='word_1_248' title='bbox 724 4101 797 4164; x_wconf 91' lang='lat' dir='ltr'>alibi</span> <span class='ocrx_word' id='word_1_249' title='bbox 823 4100 1027 4182; x_wconf 85' lang='lat' dir='ltr'>nocentibus,</span> <span class='ocrx_word' id='word_1_250' title='bbox 1050 4115 1139 4184; x_wconf 88' lang='lat' dir='ltr'>patet</span> <span class='ocrx_word' id='word_1_251' title='bbox 1161 4101 1337 4167; x_wconf 88' lang='lat' dir='ltr'>conclusio.</span> 
     </span>
    </p>
   </div>
   <div class='ocr_carea' id='block_1_9' title="bbox 421 4304 1418 4448">
    <p class='ocr_par' dir='ltr' id='par_1_9' title="bbox 421 4304 1418 4448">
     <span class='ocr_line' id='line_1_36' title="bbox 461 4304 1415 4362; baseline -0.002 -11"><span class='ocrx_word' id='word_1_252' title='bbox 461 4304 490 4351; x_wconf 72' lang='lat' dir='ltr'>ti.</span> <span class='ocrx_word' id='word_1_253' title='bbox 505 4305 536 4350; x_wconf 78' lang='lat' dir='ltr'>lis</span> <span class='ocrx_word' id='word_1_254' title='bbox 555 4304 643 4350; x_wconf 88' lang='lat' dir='ltr'>scllleet</span> <span class='ocrx_word' id='word_1_255' title='bbox 656 4306 732 4352; x_wconf 85' lang='lat' dir='ltr'>deest.</span> <span class='ocrx_word' id='word_1_256' title='bbox 838 4304 873 4351; x_wconf 74' lang='lat' dir='ltr'>td.</span> <span class='ocrx_word' id='word_1_257' title='bbox 889 4304 919 4350; x_wconf 69' lang='lat' dir='ltr'>ar</span> <span class='ocrx_word' id='word_1_258' title='bbox 938 4305 1004 4362; x_wconf 81' lang='lat' dir='ltr'>qaod</span> <span class='ocrx_word' id='word_1_259' title='bbox 1018 4316 1060 4350; x_wconf 83' lang='lat' dir='ltr'>rex</span> <span class='ocrx_word' id='word_1_260' title='bbox 1074 4304 1237 4362; x_wconf 68' lang='lat' dir='ltr'>prlrileglsns.</span> <span class='ocrx_word' id='word_1_261' title='bbox 1345 4314 1378 4362; x_wconf 80' lang='grc' dir='ltr'>η.</span> <span class='ocrx_word' id='word_1_262' title='bbox 1392 4305 1415 4349; x_wconf 87' lang='grc' dir='ltr'><strong>Α</strong></span> 
     </span>
     <span class='ocr_line' id='line_1_37' title="bbox 421 4371 1418 4448; baseline 0.001 -31"><span class='ocrx_word' id='word_1_263' title='bbox 421 4371 444 4418; x_wconf 89' lang='lat' dir='ltr'>ln</span> <span class='ocrx_word' id='word_1_264' title='bbox 460 4386 538 4430; x_wconf 75' lang='lat' dir='ltr'>marga</span> <span class='ocrx_word' id='word_1_265' title='bbox 552 4372 688 4420; x_wconf 83' lang='lat' dir='ltr'>Conclusio.</span> <span class='ocrx_word' id='word_1_266' title='bbox 781 4376 863 4420; x_wconf 64' lang='lat' dir='ltr'>anns</span> <span class='ocrx_word' id='word_1_267' title='bbox 878 4373 1136 4448; x_wconf 31' lang='grc' dir='ltr'>Ρςῇγῃςιιξξηίιιιίί.λ</span> <span class='ocrx_word' id='word_1_268' title='bbox 1190 4386 1234 4429; x_wconf 73' lang='lat' dir='ltr'>ss.</span> <span class='ocrx_word' id='word_1_269' title='bbox 1254 4373 1315 4420; x_wconf 66' lang='lat' dir='ltr'>Ala</span> <span class='ocrx_word' id='word_1_270' title='bbox 1329 4383 1418 4429; x_wconf 59' lang='lat' dir='ltr'>ararat</span> 
     </span>
    </p>
   </div>
   <div class='ocr_carea' id='block_1_10' title="bbox 420 4459 1418 4590">
    <p class='ocr_par' dir='ltr' id='par_1_10' title="bbox 420 4459 1418 4590">
     <span class='ocr_line' id='line_1_38' title="bbox 420 4459 1416 4519; baseline 0.001 -14"><span class='ocrx_word' id='word_1_271' title='bbox 420 4459 481 4506; x_wconf 84' lang='lat' dir='ltr'>Nota</span> <span class='ocrx_word' id='word_1_272' title='bbox 501 4469 583 4506; x_wconf 87' lang='lat' dir='ltr'>contra</span> <span class='ocrx_word' id='word_1_273' title='bbox 601 4468 736 4519; x_wconf 86' lang='lat' dir='ltr'>pretensam</span> <span class='ocrx_word' id='word_1_274' title='bbox 755 4461 932 4507; x_wconf 84' lang='lat' dir='ltr'>immunitatem</span> <span class='ocrx_word' id='word_1_275' title='bbox 951 4459 1114 4506; x_wconf 78' lang='lat' dir='ltr'>ecclesiarum.</span> <span class='ocrx_word' id='word_1_276' title='bbox 1194 4462 1231 4507; x_wconf 74' lang='lat' dir='ltr'>sd.</span> <span class='ocrx_word' id='word_1_277' title='bbox 1245 4460 1268 4506; x_wconf 72' lang='grc' dir='ltr'><strong>Α</strong></span> <span class='ocrx_word' id='word_1_278' title='bbox 1284 4460 1310 4506; x_wconf 85' lang='lat' dir='ltr'>la</span> <span class='ocrx_word' id='word_1_279' title='bbox 1327 4470 1416 4516; x_wconf 70' lang='lat' dir='ltr'>maru</span> 
     </span>
     <span class='ocr_line' id='line_1_39' title="bbox 422 4528 1418 4590; baseline 0.002 -16"><span class='ocrx_word' id='word_1_280' title='bbox 422 4528 507 4575; x_wconf 82' lang='lat' dir='ltr'>Tercle</span> <span class='ocrx_word' id='word_1_281' title='bbox 517 4530 589 4576; x_wconf 89' lang='lat' dir='ltr'>racio.</span> <span class='ocrx_word' id='word_1_282' title='bbox 669 4542 704 4588; x_wconf 80' lang='lat'>²7·</span> <span class='ocrx_word' id='word_1_283' title='bbox 715 4531 749 4576; x_wconf 77' lang='lat' dir='ltr'>rt.</span> <span class='ocrx_word' id='word_1_284' title='bbox 762 4531 793 4575; x_wconf 78' lang='lat' dir='ltr'>lla</span> <span class='ocrx_word' id='word_1_285' title='bbox 808 4530 886 4576; x_wconf 78' lang='lat' dir='ltr'>statue</span> <span class='ocrx_word' id='word_1_286' title='bbox 895 4543 967 4590; x_wconf 88' lang='lat' dir='ltr'>opus.</span> <span class='ocrx_word' id='word_1_287' title='bbox 1076 4530 1109 4577; x_wconf 80' lang='lat'>³2.</span> <span class='ocrx_word' id='word_1_288' title='bbox 1123 4530 1201 4587; x_wconf 66' lang='grc' dir='ltr'>ΑΛμ</span> <span class='ocrx_word' id='word_1_289' title='bbox 1215 4530 1342 4588; x_wconf 85' lang='lat' dir='ltr'>supposito</span> <span class='ocrx_word' id='word_1_290' title='bbox 1351 4539 1418 4576; x_wconf 76' lang='lat' dir='ltr'>sus.</span> 
     </span>
    </p>
   </div>
   <div class='ocr_carea' id='block_1_11' title="bbox 0 0 1636 5226">
    <p class='ocr_par' dir='ltr' id='par_1_11' title="bbox 0 0 1636 5226">
     <span class='ocr_line' id='line_1_40' title="bbox 0 0 1636 5226; baseline 0 1"><span class='ocrx_word' id='word_1_291' title='bbox 0 0 1636 5226; x_wconf 95' lang='lat' dir='ltr'> </span> 
     </span>
    </p>
   </div>
  </div>
 </body>
</html>
