3262 5226
827 603 999 658 ronanus
1015 603 1165 657 wrctrr.
1348 581 1479 675 [caan.

491 762 524 825 in
546 763 658 848 gracia,
681 762 757 849 quia
783 783 855 827 cum
888 760 1065 825 necessario
1096 780 1225 845 semper
1254 781 1336 845 eque
1368 761 1479 845 diligit,
1493 774 1595 850 ¹47⁴X

492 888 617 953 semper
638 867 739 954 diligit
760 867 890 931 Petrum
913 864 953 928 ad
975 864 1219 948 beatitudinem,
1235 886 1310 929 cum
1332 865 1391 929 scit
1405 887 1481 931 eum

492 969 626 1036 finaliter
647 970 798 1052 converti,
831 968 976 1035 Scarioth
1008 982 1118 1034 autem
1149 972 1284 1054 semper
1307 969 1408 1055 diligit
1439 971 1481 1034 ad

487 1095 607 1160 -pensm
630 1089 828 1160 perpetuam,
850 1094 927 1138 cum
945 1072 1127 1160 eternaliter
1158 1073 1245 1139 videt
1281 1074 1389 1138 omnia
1409 1096 1480 1159 pre·

493 1180 583 1244 terita
603 1181 664 1244 'vel
699 1178 805 1244 sutura
835 1178 893 1243 sibi
925 1177 1097 1262 presencia,
1131 1192 1168 1244 ut
1198 1177 1249 1243 hic
1280 1179 1504 1264 supponitur.5

493 1284 535 1348 Et
556 1298 643 1368 patet
663 1284 753 1370 quod
775 1281 877 1368 gracia
903 1282 1188 1368 predestinacionis
1221 1303 1319 1368 quam
1350 1283 1503 1370 quidamt

493 1402 609 1453 vocant
630 1388 770 1472 graciam
785 1387 1024 1473 prevenientem
1047 1402 1094 1453 est
1110 1388 1347 1474 quantumlibet
1369 1387 1481 1453 melior

290 1503 399 1605 Q?
411 1504 471 1603 qao
494 1514 592 1580 quam
627 1494 731 1580 grecie
772 1494 857 1559 nude
889 1493 1067 1558 secundum
1104 1508 1284 1579 presentem
1324 1492 1480 1558 iusticiam

288 1564 465 1667 graieoitnu
493 1617 592 1684 quam
629 1598 761 1683 quidam
798 1611 914 1663 vocant
933 1594 953 1633 ⁸
972 1597 1113 1683 graciam
1157 1598 1372 1664 comitantem
1419 1599 1510 1666 seda
1531 1609 1592 1679 ¹4⁸⁸

290 1673 470 1720 perseveram.
493 1702 617 1787 optima
639 1716 686 1767 est
707 1702 811 1788 gracia
832 1723 897 1788 qua
919 1703 1020 1767 homo
1043 1702 1179 1767 finaliter
1209 1718 1398 1789 perseverat,
1417 1725 1524 1790 quero

494 1806 582 1873 ducit
604 1808 643 1870 ad
674 1806 956 1873 confirmacionem
985 1821 1017 1872 et
1048 1806 1187 1891 gloriam
1219 1830 1318 1894 quam
1342 1809 1481 1895 quidam

494 1925 610 1976 vocant
635 1912 774 1997 graciam
805 1927 1061 1980 consumentem.
1100 1912 1159 1984 Et.
1180 1913 1238 1978 iste
1276 1914 1377 1998 gracie
1408 1912 1513 1980 ειιιιι3

495 2030 680 2081 ιιιιιιιιιιιιιιι
702 2017 886 2103 disparium,
914 2037 991 2081 cum
1024 2030 1129 2102 preter
1162 2017 1339 2083 bonitatem
1372 2040 1481 2103 super·

496 2122 671 2186 naturalem
699 2124 810 2189 dicunt
840 2123 1032 2188 relacionem
1053 2124 1093 2186 ad
1116 2123 1305 2188 mercedem.
1338 2125 1404 2188 Nec
1437 2137 1484 2189 est

496 2227 677 2310 negandum
700 2227 779 2314 quin
803 2229 956 2312 prescitus
971 2226 1068 2292 habet
1081 2227 1222 2312 graciam
1237 2228 1525 2312 prevenientem,15

496 2331 765 2396 concomitantem
788 2346 819 2409 et
841 2331 943 2396 eciam
965 2345 1212 2396 consumantem
1239 2352 1323 2418 opus
1352 2331 1483 2417 aliquod

496 2434 630 2516 bonum,
652 2434 734 2501 sicut
755 2437 986 2522 predestinatus
1015 2437 1111 2500 habet
1138 2436 1280 2519 graciam
1307 2439 1484 2503 secundum

497 2554 674 2623 presentem
702 2541 867 2609 iusticiam.
906 2542 968 2606 Sed
1000 2540 1045 2605 sic
1083 2543 1279 2606 contendens
1317 2540 1485 2626 equivocat

495 2645 591 2729 gratis
613 2645 762 2710 eciamin
787 2646 884 2730 signis
907 2666 964 2709 nec
988 2644 1127 2731 effugiet,
1160 2649 1272 2711 volens
1294 2648 1485 2712 concordare

497 2750 529 2812 in
552 2748 714 2835 principiis
736 2750 808 2814 fidei
832 2752 870 2814 de
898 2752 999 2815 modo
1031 2749 1183 2836 diligendi
1207 2751 1264 2816 Dei
1299 2767 1331 2817 et
1361 2752 1529 2816 metha-ao

498 2853 618 2939 phisica
650 2855 690 2918 de
718 2854 872 2939 quiditate
895 2855 1005 2939 gratie,
1028 2855 1107 2940 quin
1139 2856 1425 2941 proporcionaliter
1448 2871 1484 2922 ut

196 2952 238 3007 ſs
278 2963 392 3009 orreo-ts
413 2970 455 3008 ⁰⁰¹
475 2960 584 3024 ·Deus
606 2959 707 3044 diligit
730 2959 897 3024 hominem
919 2974 966 3024 est
986 2961 1054 3045 ipse
1074 2975 1182 3044 gratus
1206 2963 1285 3042 Deo,
1302 2976 1333 3025 et
1350 2982 1483 3045 propor-

279 3017 488 3131 euiii'tibiu'ili‘l
498 3063 661 3127 cionaliter
669 3063 763 3130 habet
774 3064 923 3147 graciam,
935 3085 1000 3127 non
1012 3067 1101 3150 quod
1112 3066 1165 3130 illa
1181 3067 1285 3152 gracia
1300 3068 1341 3132 sit
1352 3087 1412 3147 res,
1423 3087 1485 3150 que

281 3123 489 3218 maqpppqpnr
498 3181 606 3254 posset
622 3191 677 3252 per
687 3190 719 3232 se
729 3169 868 3250 existere,
878 3183 914 3232 ut
928 3190 1037 3252 grosse
1047 3184 1078 3235 et
1093 3169 1228 3234 heretice
1241 3172 1386 3256 concepit
1396 3171 1484 3234 Pela-

498 3272 580 3359 gius,
596 3276 650 3338 sed
661 3275 749 3359 quod
765 3273 867 3357 gracia
882 3272 923 3338 sit
936 3274 1073 3358 qualitas
1089 3274 1261 3358 spiritualis
1276 3277 1325 3338 vel
1341 3276 1486 3341 denomi·
1499 3286 1530 3340 25

500 3380 592 3444 nacio
615 3400 678 3464 qua
701 3379 771 3464 quis
795 3392 841 3443 est
873 3377 1047 3442 formaliter
1077 3394 1187 3464 gratus
1219 3381 1297 3444 Deo.
1325 3382 1372 3445 .Et
1403 3395 1488 3465 patet

501 3486 589 3569 quod
612 3484 712 3547 homo
734 3497 840 3568 potest
849 3505 916 3548 esse
927 3484 1109 3568 episcopus,
1132 3485 1284 3548 dominus
1299 3500 1330 3549 et
1346 3485 1488 3549 minister

501 3587 640 3668 ecclesie,
663 3589 763 3652 eciam
786 3587 948 3672 prescitus,
972 3588 1108 3652 existens
1130 3588 1163 3651 in
1185 3589 1289 3674 gracia
1311 3590 1488 3655 secundum

505 3706 684 3776 presentem
707 3692 873 3772 iusticiam,
906 3693 960 3755 sed
991 3692 1093 3756 homo
1132 3713 1198 3756 non
1231 3708 1278 3757 est
1315 3715 1389 3759 cum
1427 3694 1488 3758 hoc
1542 3724 1546 3728 ’

502 3798 684 3861 membrum
712 3781 817 3860 sancte
849 3795 958 3859 matris
989 3797 1129 3863 ecclesie.
1163 3799 1257 3863 Unde
1288 3800 1369 3864 sicut
1399 3799 1488 3862 heres
1499 3807 1533 3861 30

501 3902 652 3987 parvulus
674 3915 758 3965 caret
790 3900 945 3977 dominio,
969 3902 1049 3965 dum
1074 3918 1181 3967 tamen
1204 3917 1348 3988 tempore
1369 3923 1428 3966 suo
1449 3900 1490 3966 sit

541 4121 562 4155 a.
575 4108 607 4155 Ba
621 4107 650 4154 ad
664 4115 794 4167 peccatam
899 4122 923 4163 4.
937 4108 960 4154 Α
973 4107 997 4153 la
1012 4118 1101 4164 marga
1115 4105 1178 4152 Nota
1192 4107 1309 4166 degrada
1323 4107 1418 4166 trlpllcl,
1432 4104 1451 4150 tt
1464 4105 1488 4151 ln

503 4190 578 4234 marr.
592 4191 655 4225 man.
670 4180 725 4226 altr
746 4178 834 4226 Grsela
847 4176 1060 4236 predestlnsclonls
1073 4178 1222 4233 presenlens.
1374 4189 1407 4223 ιο.
1427 4176 1444 4220 Β
1466 4175 1490 4222 la

503 4261 592 4306 marga
606 4250 765 4296 comitantem.
870 4247 904 4294 16.
926 4245 982 4293 Bln
1010 4258 1100 4305 marga
1128 4246 1322 4295 consumentem.
1384 4259 1415 4294 at.
1430 4246 1453 4293 A
1466 4248 1490 4293 in

503 4330 590 4375 marga
614 4318 677 4376 ind
704 4327 739 4364 est
761 4319 848 4376 gracie.
1029 4327 1059 4361 at.
1080 4316 1110 4361 Bt
1131 4324 1157 4361 ut
1184 4317 1243 4364 dens
1272 4342 1298 4354 -
1319 4318 1390 4365 habet
1416 4317 1490 4363 deest.

503 4384 540 4433 aa
555 4384 585 4431 Be
601 4394 624 4434 et
636 4388 760 4445 preseltss.
864 4387 895 4435 lt.
909 4386 941 4433 Ba
955 4393 1067 4444 tempore
1081 4410 1104 4421 -
1119 4386 1167 4433 allo
1185 4387 1260 4435 deest.

553 4560 575 4598 ι.
593 4544 633 4598 Cf.
653 4547 717 4614 llus,
735 4547 774 4599 De
792 4548 911 4613 ecclesis,
929 4546 1000 4617 Opp.
1019 4556 1086 4599 tom.
1104 4547 1124 4613 l,
1142 4540 1217 4602 aoo‘.
1298 4580 1301 4585 ·
