3262 5226
207 314 277 363 car.
291 304 366 385 xro}
580 319 627 372 ort
644 318 823 373 aoctaeta
1268 388 1271 393 ,
1354 324 1423 391 ²7⁹

95 496 307 565 0168·quam
329 477 554 542 condicionem
577 477 650 542 licet
664 490 792 563 oportet
814 475 997 561 intelligere,
1019 489 1126 540 tamen
1141 475 1423 605 idumeam

209 604 353 668 expressa
375 579 456 646 foret
480 582 730 646 contencionum
756 579 898 667 plurium
919 578 1058 644 sedatius
1079 592 1111 645 et
1132 581 1194 643 dis·
1216 596 1407 696 bigama&

209 685 381 772 posicionis
404 685 479 772 plus
501 685 605 769 vigilis
621 686 778 750 causativa
798 700 830 751 et
851 684 896 747 sic
917 683 1043 748 racione
1064 681 1280 748 humili-uene:
1288 713 1422 798 acaspren-

209 791 281 856 tatis
304 790 385 855 soret
412 790 517 875 magis
543 789 702 855 autentica
727 804 759 855 et
784 787 912 855 racione
933 785 1196 853 declinaciouisa
1367 820 1372 827 ·

184 896 271 967 sritu
293 894 403 978 gentili
425 894 468 958 ad
491 894 678 977 religionem
697 894 814 959 Christi
838 894 919 960 foret
940 894 1012 979 plus
1034 890 1197 958 meritoria

210 1014 240 1063 et
261 999 387 1062 racione
408 998 511 1083 pluris
533 998 680 1063 adiutorii
703 999 775 1083 plus
798 1017 917 1064 secure.
945 997 987 1062 Et
1007 997 1050 1061 ita
1071 995 1196 1062 videtur

209 1103 412 1187 presumpcio
446 1104 536 1187 quod
551 1103 623 1187 quis
638 1103 757 1187 obliget
770 1103 900 1167 heredes
914 1122 991 1167 suos
1012 1100 1196 1186 simpliciter

209 1208 249 1271 ad
271 1207 554 1272 continuacionem
576 1207 647 1271 talis
670 1207 853 1288 elemosine,
876 1226 951 1270 curn
973 1226 1039 1270 non
1054 1204 1195 1271 subiacet

140 1328 200 1384 ,σε’
209 1312 357 1398 potestati
368 1332 423 1376 sue
432 1310 614 1397 dignificare
623 1332 833 1398 quoscunque
842 1309 1195 1395 tales*elemosinarios,

170 1450 201 1488 ιο
210 1437 267 1481 nec
282 1430 389 1502 potest
403 1415 544 1501 obligare
560 1437 594 1480 se
608 1416 716 1502 ipsum
738 1418 789 1481 vel
803 1417 903 1481 alium
917 1417 957 1481 ad
972 1415 1195 1502 premiandum

209 1521 369 1605 indignos,
384 1540 461 1585 cum
475 1519 566 1584 heres
582 1521 654 1606 plus
670 1520 829 1604 obligatur
843 1520 963 1585 veritati
978 1540 996 1584 ι
1010 1541 1076 1606 qua
1089 1539 1147 1605 per
1160 1539 1194 1585 se

208 1626 292 1712 capit
324 1625 542 1708 hereditatem,
573 1645 674 1710 quam
703 1624 784 1710 patri
819 1624 933 1691 carnali
964 1644 1075 1710 aquo
1109 1623 1195 1708 capit

208 1732 316 1797 solum
337 1750 394 1815 per
415 1729 571 1795 accidens.
605 1731 647 1795 Et
667 1730 726 1794 hec
747 1744 795 1795 est
817 1728 902 1795 racio
923 1749 1020 1815 quare
1042 1728 1195 1795 catholice
1275 1722 1297 1750 ⁹

208 1836 322 1901 dicitur
348 1855 456 1919 regem
479 1833 594 1920 Anglie
616 1855 742 1919 semper
766 1855 835 1900 esse
862 1833 940 1900 inira
962 1847 1087 1915 etatem,
1117 1852 1194 1899 cum

169 1940 301 2012 rsdebet
325 1939 479 2023 corrigere
513 1960 633 2003 errores
660 1954 726 2004 tarn
753 1939 801 2005 sui
829 1960 926 2025 quam
952 1937 1194 2025 progenitorum

208 2065 352 2127 suorum,
381 2044 446 2108 sive
470 2065 508 2107 ex
529 2043 713 2127 ignorancie
739 2044 805 2108 sive
827 2065 864 2108 ex
886 2041 1116 2108 inadvertencia
1137 2043 1193 2109 de·

209 2163 320 2234 ceptus
352 2148 459 2231 luerit;
482 2148 572 2212 aliter
602 2148 688 2212 enirn
719 2162 919 2233 attemptaret
948 2146 1114 2212 defendere
1143 2146 1203 2212 iu··

208 2253 345 2318 iusticias
369 2267 480 2318 contra
496 2254 611 2317 Deum.
636 2253 710 2317 ldeo
732 2253 812 2318 absit
828 2273 887 2317 nos
909 2251 1060 2336 inponere
1081 2251 1146 2338 regi
1161 2264 1194 2316 et

209 2379 305 2444 regno
321 2372 443 2423 tantam
466 2357 666 2421 demenciam
683 2370 718 2421 ut
733 2356 922 2422 inveteratus
945 2356 1069 2422 diemm
1089 2357 1192 2423 malo·

166 2497 198 2534 20
207 2485 279 2528 rum
302 2462 483 2527 defenderet
498 2462 668 2547 antiquum
689 2481 826 2526 errorem
845 2476 979 2527 tractum
1001 2462 1035 2526 in
1054 2483 1191 2530 consue·
1256 2506 1259 2511 ν

208 2568 362 2649 tudinem,
379 2587 454 2631 cum
469 2567 647 2631 secundum
662 2566 834 2650 decretum,
850 2567 1019 2652 allegatum
1033 2567 1092 2632 xu
1106 2575 1192 2654 cap0,

207 2692 305 2738 error
326 2675 380 2737 cui
405 2691 472 2736 non
500 2672 662 2736 resistitur
684 2671 897 2755 approbatur.
934 2671 976 2736 Et
1001 2683 1088 2756 patet
1114 2691 1191 2737 con·

206 2779 354 2844 sideranti
377 2776 532 2843 attencius
555 2777 722 2863 quomodo
737 2775 843 2840 omnis
859 2774 1031 2840 elemosine
1050 2775 1192 2841 humana

207 2898 318 2948 vocata
349 2898 503 2968 perpetua
533 2895 581 2946 est
612 2881 736 2946 realiter
766 2901 803 2945 ex
837 2880 907 2962 lege
928 2881 987 2944 Dei
1018 2880 1190 2946 invincibili

165 2986 399 3074 ,stemporalia
431 3007 508 3051 cum
534 3000 663 3071 oportet
689 2985 823 3050 omnino
850 2985 1071 3050 condicionem
1092 3004 1191 3071 quam

207 3097 291 3158 Deus
315 3093 450 3178 apponit
472 3090 678 3175 subintelligi,
706 3090 859 3176 quamdiu
887 3088 1016 3154 ditarius
1042 3090 1191 3157 manserit

205 3199 320 3282 dignus
342 3197 530 3282 participare
551 3195 727 3260 elemosina
749 3196 868 3280 quoad·
878 3195 993 3263 Deum.

248 3303 341 3368 Unde
374 3300 445 3365 talis
476 3301 616 3365 attencio
639 3312 670 3363 et
692 3299 851 3383 expressio
872 3298 1011 3362 hominis
1043 3299 1188 3365 elemosi·
1223 3335 1347 3396 TW„

206 3407 308 3471 nantis
332 3427 368 3469 ex
391 3405 507 3470 maiori
530 3403 767 3485 humiliatione,
790 3424 827 3467 ex
850 3403 959 3468 maiori
984 3406 1051 3468 Deo
1074 3390 1408 3503 confir-,ssffiffim

162 3511 360 3592 30macione,
391 3524 423 3575 et
452 3508 566 3572 maiori
590 3528 732 3571 errorum
755 3507 934 3572 exclusione
956 3508 1059 3591 magis
1080 3508 1187 3593 dispo·
1217 3493 1378 3595 ξζξξῗρἶῗξ

205 3626 291 3677 neret
327 3615 368 3676 ad
405 3611 687 3697 perpetuacionem
724 3612 896 3677 elemosine
931 3633 989 3697 per
1024 3611 1186 3677 Christum
1234 3600 1367 3658 W*

203 3736 301 3802 quam
332 3715 507 3780 elemosina
528 3716 670 3780 humana
692 3714 862 3801 irreligiose
884 3731 994 3782 vocata
1023 3728 1185 3801 perpetue.

242 3995 265 4036 o.
278 3991 303 4036 Α
315 3989 339 4036 la
353 4000 442 4046 marga
456 3987 596 4034 Concluolo.
701 3986 731 4034 13.
743 3988 768 4033 Α
781 3989 826 4045 Δρ
839 3986 869 4032 Et
880 3986 923 4033 ltec
935 3987 1013 4044 ποῖος
1025 3986 1048 4034 Α
1061 3986 1086 4034 ΙΙ
1099 3998 1184 4046 metm
1242 4018 1247 4027 ·

203 4058 337 4108 coadaua
446 4055 483 4103 ²8.
498 4068 535 4117 ²9.
549 4057 581 4103 Ba
595 4055 758 4103 elemosinas.

247 4255 288 4293 ιι.
305 4240 368 4292 uec.
387 4240 397 4292 1
414 4253 486 4308 pm,
509 4236 568 4289 aar.
587 4236 725 4303 aaran,
750 4251 772 4289 e
790 4237 832 4290 ur.
858 4219 928 4290 hta
949 4253 1028 4310 supa
1047 4252 1115 4308 pag„
1127 4238 1186 4314 qss.
