3262 5226
495 508 665 563 sommus
681 506 829 562 wrcen.
990 474 1148 580 [caasa.

165 665 372 732 describendo
402 665 563 730 clericum.
600 663 791 730 ostenditur
814 677 923 728 autem
950 664 1027 728 illud
1057 675 1261 746 men-197⁸11

166 771 295 837 dacium
317 791 356 835 ex
376 769 504 835 veritate
527 769 682 854 scripture
703 768 881 832 doctorum.

210 875 325 954 Querit
350 890 459 940 autem
485 874 590 959 primo
617 888 727 938 utrum
752 871 785 936 ia
813 870 962 936 omnibus
984 872 1147 936 ordinibus

113 946 154 1038 οῖ’
164 993 302 1043 caracter
316 978 507 1064 imprimitur
523 993 564 1060 et,
579 977 746 1064 probando
761 975 889 1062 qood
864 996 919 1057 sac,
939 996 995 1061 per
1009 976 1145 1060 quadru-

113 1055 238 1168 ‚⁸⁸plex
252 1098 479 1168 argumentum
493 1083 603 1148 recitat
619 1083 698 1147 duas
713 1081 880 1167 opiniones
895 1082 1146 1166 quasreproba13
1158 1095 1172 1147 5

163 1208 301 1273 quarum
331 1186 435 1272 prima
465 1187 542 1252 dicit
573 1187 663 1273 quod
693 1196 840 1250 caracter
871 1185 904 1249 in
934 1187 1004 1250 solo
1035 1186 1169 1251 ordinet

161 1291 357 1357 sacerdotali
369 1292 577 1377 imprimitur,
586 1293 619 1355 in
635 1292 800 1355 ordinibus
814 1302 924 1355 autem
940 1290 1145 1376 inferioribus

160 1398 269 1460 solum
279 1399 326 1484 fit
346 1397 515 1481 disposicio
541 1396 585 1460 ad
604 1395 837 1460 sacerdotalem
860 1406 1069 1473 caracterem,
1091 1396 1144 1456 sed

161 1500 224 1565 hoc
251 1500 327 1566 dicit
352 1522 420 1566 esse
450 1501 575 1566 falsum.
614 1500 700 1566 Cum
731 1501 764 1564 in
785 1500 951 1564 ordinibus
972 1501 1075 1564 sacres
1097 1501 1144 1563 in·

149 1605 409 1690 serioribusfiat
421 1606 613 1691 segregacio
623 1615 782 1689 perpetua
798 1603 1019 1668 clericoruma
1031 1605 1143 1688 laycis,
1158 1632 1189 1668 aa

161 1709 235 1774 ideo
264 1709 468 1775 manifestum
490 1725 538 1775 est
559 1711 649 1796 quod
670 1709 822 1773 limitacio
846 1707 879 1771 in
907 1709 967 1772 illis
982 1709 1144 1773 ordinibus

163 1829 211 1879 est
226 1813 276 1879 vel
290 1815 421 1901 requirit
435 1815 609 1880 clericalem
626 1828 822 1878 caracterem.
843 1813 990 1878 Secunda
1005 1813 1145 1898 opinio*
1159 1832 1216 1896 ¹97·
1238 1827 1259 1880 2

161 1938 261 2004 quara
282 1920 430 2004 reprobat
451 1934 497 1983 est
512 1920 602 2004 quod
617 1929 764 1982 caracter
778 1919 975 2002 imprimitur
996 1919 1028 1981 in
1044 1919 1144 1983 erratri-

161 2022 221 2086 bus
243 2023 408 2087 ordinibus
429 2024 545 2101 sacris,
574 2024 633 2087 sed
664 2043 727 2086 non
759 2024 791 2087 in
818 2022 1039 2108 inferioribus,
1068 2024 1144 2108 quia

160 2128 215 2191 isti
245 2139 276 2191 et
306 2149 369 2192 reon
396 2127 455 2192 alii
474 2138 615 2211 possunt
637 2127 727 2192 laicis
749 2127 948 2191 commisceri
951 2144 965 2206 ,⁰
993 2128 1051 2192 sed
1071 2149 1143 2192 cum
1158 2141 1187 2193 ιε

160 2232 273 2296 nullus
295 2233 374 2299 erdo
396 2234 440 2297 sit
460 2234 615 2298 iterabilis
637 2244 668 2297 et
686 2233 815 2316 quilibet
835 2232 951 2296 lrabeat
971 2232 1093 2317 aliquid
1106 2233 1145 2296 de

160 2338 291 2402 racione
313 2320 523 2415 sacramenti,
547 2336 673 2402 ridetur
693 2337 781 2422 qued
804 2339 838 2400 in
860 2337 1001 2421 quolibet
1021 2338 1063 2401 sit
1083 2337 1143 2400 ali-

161 2442 241 2527 quid
261 2443 347 2525 quod
367 2442 483 2507 babeat
497 2444 658 2506 racionem
682 2442 731 2506 rei
751 2452 782 2506 et
802 2442 890 2527 signe
884 2442 1066 2526 perpetui,
1085 2441 1145 2504 leae

113 2568 141 2601 ι
159 2557 267 2610 autern
283 2558 479 2612 caracterem
495 2548 641 2612 dicimus.
664 2546 742 2611 Ideo
757 2557 804 2610 est
819 2547 919 2610 tercia
942 2547 1048 2630 opinio
1063 2567 1142 2631 pro·
1153 2559 1175 2612 8

133 2639 411 2736 babiliorquod
399 2674 432 2715 cn
445 2654 593 2717 omuibus
609 2652 773 2716 ordinibus
787 2662 936 2715 caracter
949 2651 1144 2735 imprimitur
1154 2679 1187 2716 aa

159 2758 245 2821 sieut
260 2759 409 2822 raciones
424 2756 596 2821 ostendunt
611 2777 775 2840 expresse.
795 2757 877 2821 Cum
894 2757 979 2820 enim
995 2767 1144 2821 caracter

158 2862 203 2923 sit
216 2861 425 2946 signaculum
442 2881 648 2944 expressum,
665 2862 881 2925 distinctivum
900 2871 930 2924 et
945 2872 1142 2944 perpetuum

159 2976 191 3030 et
203 2966 333 3030 Christo
350 2965 636 3050 corpiguratirum,
647 2977 676 3030 et
685 2968 744 3029 laec
754 2967 842 3029 estin
853 2966 1005 3030 omnibus
1020 2967 1142 3029 ordini·

160 3072 232 3150 bus,
265 3091 328 3134 non
361 3070 573 3134 dubitandum
607 3081 654 3134 est
685 3073 719 3134 in
755 3071 904 3133 omnibus
941 3081 1140 3134 caracterem

158 3175 312 3257 imprimi.
1152 3185 1183 3238 25

113 3305 139 3348 e.
204 3280 243 3341 Et
254 3280 711 3363 consequenterrespondetad
722 3279 882 3342 obiectum
892 3279 1138 3363 quadruplicem.

113 3368 148 3452 bi
159 3385 208 3446 ad
225 3384 366 3466 primum
382 3403 448 3466 quo
465 3382 508 3445 sic
523 3383 677 3467 arguitur:
697 3383 852 3447 Caracter
868 3395 915 3448 est
930 3386 1161 3469 signaculuml

125 3496 129 3504 '
157 3488 344 3571 spirituale,
371 3507 453 3572 ergo
479 3489 511 3548 in
539 3487 606 3549 illis
633 3490 711 3551 solis
737 3490 937 3570 imprimitur
964 3491 996 3551 in
1023 3491 1139 3572 quibus

157 3592 256 3654 datur
274 3593 388 3675 aliqua
399 3601 545 3674 potestas
561 3611 646 3654 rrova
662 3604 691 3655 et
706 3593 904 3675 spiritualis,
927 3594 986 3657 sed
996 3605 1139 3678 potestas

158 3698 301 3759 omniurn
325 3682 477 3759 ordinum
502 3695 642 3780 inferior
664 3707 712 3760 est
739 3699 931 3780 corporalis,
955 3710 989 3762 ut
1011 3703 1139 3783 aperire
1151 3711 1183 3763 30

159 3803 276 3864 ostium
302 3801 352 3865 vel
375 3800 550 3877 custodire,
572 3803 765 3884 prophetias
786 3800 908 3883 dicere,
940 3804 1139 3873 candelabra

197 3986 253 4033 §.A
272 3989 295 4033 in
315 3999 404 4044 marga
430 3987 522 4044 Duplex
541 3987 632 4044 optato.
737 3987 761 4034 6.
780 3989 803 4034 Α
822 3988 948 4043 tamarae
969 3990 1003 4035 De
1023 3998 1140 4037 cunctere

157 4056 249 4102 ordinis
269 4058 357 4112 (Belou
371 4058 425 4115 ¹97⁸
438 4057 537 4103 without
557 4059 624 4103 mark
642 4057 670 4102 al
689 4057 837 4112 relerentet·
927 4070 952 4117 9.
966 4059 989 4104 Α
1006 4060 1029 4105 la
1052 4072 1139 4116 merga

157 4125 326 4173 &narratura
407 4137 439 4171 π.
450 4125 541 4172 cedde
551 4129 685 4172 distinctam
752 4127 928 4183 cantissarttum.
1009 4129 1100 4175 ’ΜΒ
1114 4130 1138 4175 in

158 4207 245 4252 marga
260 4195 413 4254 Quadruplex
426 4204 599 4253 argumentata.

201 4336 226 4389 6.
245 4339 325 4408 Seqq.
343 4352 359 4389 e
379 4338 578 4390 bonaventurae
597 4340 663 4392 libro
682 4341 726 4393 tt.
744 4341 815 4392 Sent.
834 4340 992 4410 deprompta
1010 4352 1078 4396 sunt.
1097 4341 1138 4393 Ci.

156 4427 175 4479 1.
192 4440 217 4477 c.
234 4424 293 4479 ⁶51.
