3262 5226
710 350 883 406 sonamus
901 350 1049 406 wucrtr.
1236 326 1368 420 [emur

380 531 465 596 aqna
486 510 535 575 sie
555 509 665 574 aalide
689 510 791 572 cicius
804 509 1000 593 congelatur
1008 515 1148 591 propter
1163 506 1470 579 exalaciones136⁴c

369 613 522 701 frigidas
550 633 634 698 quas
649 614 730 696 pori
751 613 874 676 caloris
896 612 1071 694 recipiunt:
1089 610 1134 674 sic
1150 610 1370 694 pretendentes

380 718 575 783 sanctitatem
616 715 803 780 huiusmodi
845 730 919 780 sunt
956 713 1214 799 periculosissimi
1260 713 1369 776 hostes

156 857 223 903 stne·
235 856 293 916 m,
304 862 370 900 m,
379 821 516 902 ecclesie,
550 841 607 906 per
642 840 725 903 quos
766 834 801 883 ut
840 819 1014 903 proditorie
1046 817 1223 903 aperientes
1260 832 1368 902 portae

165 910 205 954 'l‘
215 907 320 1019 32¹3}
335 906 365 952 ⁰¹
379 925 505 990 ecclesie
532 924 711 990 subintrant
739 923 843 1008 frigidi
867 921 930 987 fide
951 937 983 988 et
1005 922 1189 1006 virtutibus3
1217 921 1273 1008 qui
1296 921 1394 1006 pluss

337 1095 339 1099 Α
376 1050 473 1114 quam
489 1029 571 1094 inter
585 1028 693 1095 fideles
708 1027 899 1112 extinguunt
921 1026 1083 1093 caritatem
1105 1041 1216 1091 vocate
1239 1025 1367 1089 ecclesie

378 1149 410 1199 et
430 1133 609 1218 congelant.
651 1134 763 1215 Debet,
797 1133 941 1218 inquam,
978 1132 1106 1197 ecclesia
1139 1132 1257 1196 fervere
1288 1150 1369 1215 pura
1409 1197 1410 1201 ,

377 1238 502 1302 caritate
525 1259 562 1302 ex
586 1237 721 1321 simplici
738 1237 982 1321 participacione
998 1237 1116 1302 Christi
1138 1236 1193 1322 qui
1220 1249 1267 1299 est
1287 1234 1369 1320 ignis

377 1364 433 1428 per
459 1363 493 1406 se
515 1342 636 1406 calidus
665 1342 803 1423 caritate,
828 1356 860 1406 et
881 1356 1017 1406 matrem
1039 1341 1188 1405 omnium
1210 1339 1370 1403 malorum

378 1447 583 1533 cupiditatem
606 1460 810 1530 postponere,
832 1460 864 1510 et
886 1467 943 1530 per
963 1466 1173 1530 consequens,
1195 1465 1261 1509 non
1277 1443 1412 1515 adin-10

378 1552 545 1617 venciones
578 1551 744 1615 lucrativas
776 1551 849 1635 plus
880 1571 979 1636 quam
1009 1552 1113 1635 legem
1141 1550 1199 1614 Dei
1229 1548 1366 1632 diligere.

379 1656 458 1721 Sunt
480 1670 589 1720 autem
611 1655 693 1719 intra
715 1655 881 1719 ecclesiam
902 1655 955 1719 alii
978 1655 1103 1738 presciti
1119 1654 1221 1739 magis
1234 1656 1367 1718 abscon·

379 1760 444 1841 diti,
472 1761 641 1825 evadentes
670 1759 904 1824 evomicionem
931 1760 1128 1840 huiusmodi,
1160 1773 1196 1823 ut
1217 1757 1262 1822 hii
1285 1773 1366 1823 tam·

378 1885 476 1948 quam
503 1863 702 1948 superfluitas
729 1864 812 1928 sicca
844 1863 1028 1946 digestionis
1059 1864 1173 1947 prime,
1210 1862 1253 1925 hii
1286 1877 1366 1927 tam·

379 1990 474 2054 quarn
498 1967 698 2052 superfluitas
714 1969 846 2033 humida
861 1969 1046 2054 digestionis
1062 1969 1211 2053 secunde,
1227 1967 1315 2031 ethii
1332 1981 1411 2039 ut15

379 2086 576 2158 apostemata
606 2075 656 2138 vel
691 2094 814 2137 vermes
848 2073 1033 2159 digestionis
1067 2072 1172 2137 tercie.
1210 2072 1252 2137 Et
1282 2086 1369 2156 patet

378 2178 466 2262 quod
498 2197 565 2240 non
599 2176 757 2260 sequitur:
795 2177 827 2241 Si
860 2177 1043 2262 quicunque
1077 2176 1200 2240 viantes
1231 2191 1305 2241 sunt
1336 2177 1368 2241 in

379 2281 517 2362 ecclesia,
533 2294 609 2345 tunc
624 2296 699 2345 sunt
714 2283 753 2345 de
769 2281 909 2362 ecclesia,
926 2282 981 2345 sed
996 2295 1134 2347 econtra.
1148 2283 1233 2344 Nam
1247 2280 1367 2345 scimus

378 2385 498 2450 zizania
512 2405 649 2449 crescere
664 2385 747 2450 inter
762 2385 930 2468 frumenta,
954 2407 1086 2450 corvum
1108 2386 1193 2470 pasci
1209 2385 1241 2448 in
1258 2386 1369 2449 eadem

378 2511 449 2554 area
475 2510 551 2553 cum
578 2489 728 2554 columba
755 2505 786 2555 et
813 2490 939 2574 paleam
971 2490 1119 2554 inorreari
1142 2496 1202 2575 p'ro
1224 2503 1368 2574 tempore
1379 2525 1412 2563 ,ο

379 2594 459 2658 inter
485 2615 591 2677 grana,
618 2609 650 2659 et
677 2609 784 2659 tamen
819 2610 866 2660 est
896 2595 1173 2660 incommunicans
1204 2594 1368 2659 distinctio

325 2758 328 2763 .
378 2699 459 2762 inter
486 2697 555 2781 ista,
582 2699 664 2763 sicut
690 2700 906 2783 exemplatum
937 2716 984 2764 est
1006 2701 1038 2763 in
1061 2720 1195 2784 corpore
1217 2700 1369 2766 humano.

379 2803 425 2867 lta
446 2803 622 2888 ymaginati
651 2805 805 2868 debemus
837 2807 875 2868 de
902 2820 1010 2869 sancta
1038 2821 1138 2869 matre
1172 2804 1311 2886 ecclesia,
1339 2819 1370 2869 et

379 2908 423 2972 sic
446 2907 670 2994 intelligendus
693 2923 739 2972 est
755 2924 858 2974 textus
876 2910 898 2974 l.
912 2910 983 2976 Joh.
1001 2910 1054 2991 110,
1081 2911 1128 2990 18,
1152 2930 1226 2973 cum
1242 2909 1369 2973 dicitur:

380 3013 475 3075 Nunc
485 3011 680 3076 Anticltristi
696 3013 885 3099 nrrtltisactr‘
896 3025 990 3093 sunt,·
1003 3035 1045 3078 ex
1061 3016 1153 3078 nobis
1159 3015 1370 3098 prodierunt,
1381 3033 1412 3086 25

378 3116 437 3180 sed
462 3138 527 3180 non
556 3126 652 3180 erant
679 3137 721 3181 ex
748 3118 852 3196 nolis,
881 3140 956 3182 nam
984 3120 1174 3205 sifuissent
1202 3140 1244 3184 ex
1266 3120 1370 3196 nobis,

375 3224 638 3306 permansissent
654 3224 763 3306 utique
779 3224 954 3290 nobiscnm.
971 3224 1059 3289 Sicut
1074 3225 1161 3289 enim
1171 3225 1370 3309 superfluitas

380 3327 523 3412 procedit
545 3348 582 3391 er
605 3328 678 3391 cibo
700 3342 731 3392 et
753 3329 903 3392 membris
926 3329 1045 3411 solidis,
1069 3332 1149 3393 dum
1172 3344 1278 3394 tamen
1301 3349 1369 3393 non

379 3432 420 3496 sit
447 3452 485 3494 ex
514 3431 568 3512 eia,
595 3432 640 3495 sic
670 3447 880 3516 purgamenta
908 3433 1036 3498 ecclesie
1063 3436 1241 3517 procedunt
1262 3455 1300 3498 ex
1323 3455 1369 3515 ea,

381 3556 444 3599 non
468 3550 575 3600 tamen
599 3551 688 3600 erant
710 3558 748 3600 ex
771 3559 807 3601 ea
830 3552 865 3602 ut
880 3553 994 3621 partes,
1017 3559 1092 3621 cum
1114 3539 1200 3603 nulla
1215 3560 1285 3623 pars
1301 3538 1369 3602 eius
1380 3556 1413 3609 30

380 3653 485 3722 potest
508 3640 548 3703 ab
572 3661 608 3704 ea
630 3641 781 3706 excidere.
805 3642 899 3706 Unde
920 3644 960 3705 ad
983 3643 1226 3708 discernendum
1240 3642 1369 3707 distinc-

379 3743 505 3807 cionem
533 3744 603 3827 puri
632 3758 663 3808 et
691 3745 927 3829 superfluorum
950 3746 1138 3811 huiusmodi
1162 3746 1236 3810 dicit
1259 3747 1370 3810 beatus

378 3847 537 3910 iohannes
560 3847 693 3931 epistola
720 3851 860 3913 secunda
887 3849 1054 3914 canonica:
1093 3850 1220 3930 Omnis,
1257 3849 1371 3934 inquit,

378 3952 433 4035 qui
455 3951 575 4016 recedit
597 3962 627 4015 et
642 3973 705 4018 nott
714 3964 890 4036 permanet
904 3955 937 4019 in
953 3954 1103 4018 doctrina
1121 3955 1249 4036 Christi,
1266 3954 1372 4016 Deum

424 4102 511 4151 ΜΒ
525 4102 549 4149 ln
563 4116 650 4162 marga
665 4105 746 4162 Avari,
760 4106 853 4165 lubrici,
866 4105 1127 4164 eupttttzomtrrtnm
1172 4105 1233 4154 ren
1248 4106 1272 4152 ln
1286 4116 1373 4163 marae

378 4171 448 4220 Nota
490 4171 1062 4249 23.lncodd.=ltrdeeataelrtlusetOppJ,199⁸.
1103 4174 1374 4233 aedlnmargnNota.

426 4281 468 4335 33.
487 4282 508 4334 ll
527 4280 587 4335 lob.
605 4299 631 4353 9.
