3262 5226
85 503 120 633 l

289 449 421 543 carnit]
665 462 711 518 nt:
728 450 907 517 Ecclesia,

168 630 431 717 0137⁸e0qu0d
454 625 598 692 Christus
620 596 685 685 non
708 619 814 705 potuit
837 614 1176 682 communicare'hanc
1198 616 1263 699 pri·

250 734 407 808 amiciam
422 727 587 816 potestatis
603 725 668 790 suis
684 721 854 806 discipulis.
865 720 980 785 Tercio
991 734 1080 785 notat
1095 720 1264 804 quomodo

281 837 429 903 columba
451 836 491 898 ad
514 851 643 897 sensum
666 826 870 911 allegoricum
892 824 995 910 signat
1015 837 1150 888 matrem
1165 824 1262 888 eccle·

279 941 360 1004 sia'm
381 960 445 1024 que
469 952 515 1002 est
531 956 595 999 nna
617 932 668 1019 (ut
683 930 796 996 dicitur
818 928 1036 1009 canticorum,
1051 930 1097 994 V⁶
1113 928 1263 1013 capitulo,
1272 950 1327 998 Tne
1334 951 1492 1000 toran-ao

254 1046 319 1120 sde
341 1037 514 1127 columba).
543 1039 637 1103 Unde
659 1036 740 1101 sieut
761 1035 794 1097 in
818 1033 1116 1098 diluvio-columba
1143 1054 1264 1119 egressa
1289 1005 1474 1105 ''lim'‘

278 1148 317 1210 de
339 1147 432 1210 archa
465 1164 587 1209 reversa
618 1154 673 1220 est,
704 1137 848 1202 delerens
871 1158 997 1202 ramum
1018 1137 1147 1202 virentis
1169 1136 1264 1220 olive,

278 1271 374 1316 corvo
397 1263 541 1334 pretextu
564 1246 694 1310 allectus
717 1243 873 1308 cadaveris
898 1242 1037 1307 extincto
1062 1242 1196 1324 diluvio,
1218 1242 1264 1307 sic

279 1354 311 1418 in
332 1368 439 1418 sancta
455 1367 553 1416 matre
569 1350 698 1416 ecclesia
720 1347 764 1411 hii
787 1361 903 1412 exeunt
917 1348 958 1411 ad
973 1362 1101 1431 tempus
1123 1360 1155 1411 et
1177 1345 1264 1431 peni·

279 1458 380 1522 tencia
403 1457 490 1521 ducti
514 1458 657 1538 redeunt,
672 1475 739 1517 non
754 1455 863 1517 solum
879 1473 954 1517 cum
975 1452 1149 1516 verborum
1170 1450 1264 1532 loliis,

122 1546 130 1657 ἶ
239 1563 332 1634 ,0sed
367 1562 471 1626 lructu
500 1563 661 1626 bonorum
692 1579 838 1644 operum,
861 1573 892 1623 et
922 1556 1058 1621 omnino
1088 1576 1164 1620 cum
1191 1557 1264 1620 oleo

278 1665 411 1730 caritatis
433 1687 496 1751 que
520 1663 791 1750 supereminenter
805 1683 900 1748 super
913 1661 973 1726 alia
988 1661 1154 1725 carismata
1168 1660 1267 1725 instar

277 1771 337 1834 olei
359 1784 553 1855 supernatat.
577 1770 653 1834 ldeo
676 1768 836 1853 signanter
857 1767 933 1832 dicit
954 1765 1127 1851 apostolus.
1142 1766 1169 1829 l·
1188 1764 1263 1830 Cor.

276 1876 358 1956 Xll⁰,
391 1874 446 1938 31:
481 1875 596 1939 Adbuc
626 1874 875 1939 eminenciorem
907 1874 993 1936 riom
1031 1870 1263 1936 demonstrabo

276 1981 372 2043 robis.
396 1979 523 2043 Presciti
549 1993 657 2044 autem
686 1993 801 2042 exeunt
823 1980 861 2042 de
884 1978 977 2042 archa
1013 1991 1051 2042 ut
1082 1976 1179 2057 corvi,
1209 1976 1266 2040 sed

128 2170 132 2181 Ι
238 2098 407 2167 rspropter
439 2104 584 2147 amorem
615 2082 837 2168 temporalium
870 2103 930 2167 pro
961 2083 1079 2167 quibus
1112 2081 1266 2145 instanter

247 2207 268 2258 4
277 2188 427 2270 placitant
449 2189 687 2272 demerguntur.
706 2190 831 2266 Quarto
847 2187 949 2251 notari
965 2201 1072 2271 potest
1087 2187 1265 2251 secundum

277 2290 414 2372 logicam
436 2291 590 2375 scripture
614 2293 782 2378 quomodo
805 2292 933 2376 spiritus
956 2305 1083 2356 sanctus
1105 2304 1264 2372 movetur,

277 2414 351 2457 cum
381 2396 543 2459 descendit
566 2411 598 2460 et
615 2398 763 2481 postulat
783 2396 954 2482 gemitibus
976 2396 1264 2480 inexplicabilibus

277 2511 307 2560 et
345 2519 441 2563 moue
479 2505 653 2586 consurgit
688 2503 728 2564 ud
760 2502 981 2565 instruendum
1012 2500 1176 2565 ecclesiam
1213 2498 1264 2586 (ut
1282 2514 1480 2624 ngipppctpty

235 2601 389 2674 20dicitur
410 2602 489 2669 lsa'ie
511 2603 609 2693 Vll⁰).
641 2607 703 2670 Sed
725 2607 786 2670 hoc
809 2627 874 2670 non
898 2604 972 2670 lacit
994 2605 1026 2668 in
1050 2620 1162 2670 natura
1188 2625 1261 2689 pro-
1298 2620 1402 2677 inrougn
1419 2622 1460 2668 ne

276 2706 352 2789 pria,
383 2711 439 2772 sed
471 2710 503 2773 in
536 2726 676 2775 creatura
700 2731 798 2796 quam
821 2710 964 2793 assumit,
987 2732 1053 2775 non
1077 2709 1262 2796 ypostatice,
1319 2682 1438 2720 “mm

276 2811 330 2872 sed
353 2812 550 2897 singulariter
571 2818 612 2880 ad
634 2816 681 2880 sui
706 2817 857 2881 noticiam
889 2830 920 2880 et
951 2815 1087 2880 caritatis
1118 2815 1263 2879 olficium

275 2920 501 3000 peragendum,
539 2941 597 2985 nec
632 2921 738 2985 solum
776 2921 808 2984 in
835 2910 1036 3005 simplicitate
1078 2919 1262 2985 columbina

276 3023 430 3104 apparuit,
454 3025 508 3086 scd
532 3024 563 3086 in
586 3024 704 3108 linguis
725 3024 824 3110 igneis
839 3025 1009 3109 dispertitis
1017 3025 1066 3088 ad
1081 3024 1263 3088 docendum

235 3127 364 3207 25quod
386 3128 506 3189 nedum
521 3129 674 3192 debemus
697 3150 763 3193 esse
787 3129 955 3214 simplices,
977 3130 1033 3193 sed
1056 3128 1089 3193 in
1114 3129 1262 3215 operibus

276 3228 375 3291 eciam
411 3231 546 3296 caritatis
586 3234 749 3315 terrentes,
781 3248 826 3312 ut,
864 3234 946 3299 sicut
974 3233 1120 3317 superbia
1158 3231 1264 3297 divisit

276 3330 397 3415 linguas
420 3333 453 3397 in
477 3357 581 3418 sensu,
612 3358 676 3401 non
705 3338 737 3401 in
760 3339 844 3416 loco,
873 3353 1018 3422 tempore
1050 3336 1263 3403 edificacionis

276 3435 367 3497 turris
381 3436 488 3519 Babel,
504 3440 637 3505 Genesis
654 3442 730 3523 xto,
757 3443 801 3506 sic
816 3458 944 3508 econtra
955 3442 1120 3523 humilitas
1134 3441 1262 3526 spiritus

277 3538 372 3602 sancti
405 3559 575 3629 congreget
606 3546 733 3630 linguas
764 3547 943 3612 uniformes
980 3548 1089 3632 quoad
1119 3552 1261 3627 sensnm,

143 3634 148 3641 ’
247 3647 511 3724 equantumlibet
534 3650 672 3734 dispares
688 3655 795 3736 quoad
817 3655 936 3719 locum.
960 3652 1085 3730 Quinto
1105 3648 1263 3735 colligitur

277 3766 313 3808 ex
336 3749 424 3814 dictis
448 3752 529 3817 beati
552 3756 725 3841 Augustini
741 3759 829 3842 quod
852 3759 959 3822 solum
981 3757 1026 3820 illi
1049 3756 1210 3820 salvantur
1226 3768 1263 3819 ut

277 3867 378 3935 partes
416 3859 524 3921 matris
561 3860 689 3925 ecclesie
727 3863 783 3947 qui
819 3863 1047 3948 proprietatem
1084 3862 1261 3925 deserentes

318 4017 338 4051 a.
353 4006 370 4050 B
389 4009 412 4053 in
432 4022 519 4067 marg:
538 4011 601 4057 Nota
615 4013 683 4061 bene.
707 4012 768 4060 Ala
783 4027 871 4072 marga
888 4014 990 4073 Splritue
1003 4021 1099 4060 sannae
1114 4026 1156 4072 per
1170 4013 1262 4060 diverse

275 4074 416 4129 significatur
430 4091 452 4126 et
466 4093 546 4138 quare,
560 4091 584 4128 ur
595 4096 637 4136 per
650 4085 790 4143 columbam,
805 4087 934 4143 perignem
944 4092 987 4129 ete.
1002 4085 1096 4140 (Abora
1106 4083 1155 4142 ¹37⁸
1164 4085 1263 4130 without

275 4146 339 4190 mark
353 4147 381 4192 ol
391 4148 528 4207 reference.)
619 4153 647 4198 13.
661 4153 679 4198 ll
694 4155 717 4200 in
732 4167 818 4212 marga
833 4167 849 4201 t.
864 4154 921 4200 Cor.
936 4165 966 4199 ra.
1052 4167 1084 4214 ¹7·
1097 4156 1119 4199 Α
1134 4153 1159 4200 la
1173 4166 1259 4212 merge

275 4212 400 4268 Quomodo
415 4219 513 4274 spiritus
526 4229 622 4267 sanctus
636 4232 750 4271 movetur.
811 4237 847 4270 ao.
861 4225 894 4270 lta
907 4223 977 4270 codd.
991 4222 1061 4271 Recte
1075 4224 1161 4271 leram.
1170 4221 1259 4285 vnn

275 4284 599 4349 aulncoddneongreget.
626 4340 629 4346 ,
722 4314 725 4319 -
763 4318 767 4322 -

322 4390 359 4444 18.
377 4396 455 4451 Rom.
474 4398 541 4465 Vlll,
557 4398 602 4453 ab.
1259 4454 1262 4458 ,

1160 4488 1174 4542 5
