3262 5226
697 372 867 427 tonsurus
886 371 1031 425 wrcen.
1226 348 1310 443 [car.
1324 366 1355 413 a

372 531 508 595 discolos
546 528 668 594 luturos
704 549 787 614 quos
823 527 963 593 datarius
998 528 1132 613 ignorat.
1166 529 1237 591 Hoc
1269 528 1470 613 enim157·s

372 635 444 718 plus
466 648 620 699 consonat
640 633 700 717 legi
723 631 846 719 Christi,
863 631 919 718 qui
941 652 998 696 nec
1013 632 1153 716 suscepit
1169 651 1227 695 nec
1247 632 1357 697 docuit

372 737 559 803 elemosinas
590 738 667 802 tales
697 735 773 819 fieri,
805 737 861 800 sed
894 735 1007 820 pocius
1045 736 1245 821 oppositum.
1290 737 1356 801 Nec

371 841 506 906 dubium
534 841 613 928 quin
645 840 828 925 temporalis
860 840 1034 905 elemosina
1070 842 1110 905 de
1144 840 1285 923 decimis,
1316 842 1356 904 de

371 945 587 1010 oblacionibus
610 959 641 1010 et
663 958 776 1031 sponte
798 944 913 1009 oblatis
941 943 1098 1010 sufficeret
1120 944 1160 1008 ad
1184 962 1382 1016 numerums

371 1050 449 1114 tanti
479 1049 551 1114 cleri
582 1064 702 1136 quanto
734 1063 805 1134 eget
827 1048 965 1114 ecclesia.
999 1050 1072 1113 Non
1096 1070 1172 1134 ergo
1199 1071 1236 1113 en
1260 1049 1357 1114 veteri

373 1168 559 1219 testamento
596 1156 647 1219 vel
683 1174 768 1218 novo
806 1152 930 1217 fundari
969 1168 1074 1238 potest
1105 1168 1192 1218 tanta
1224 1168 1254 1219 et
1286 1155 1356 1218 talis

370 1258 505 1323 dotacio.
540 1259 632 1325 Unde
662 1257 826 1341 sophisma
857 1257 975 1321 diaboli
1003 1258 1180 1343 procedens
1203 1280 1289 1323 nunc
1319 1279 1356 1321 ex

371 1364 541 1449 equivocis,
563 1384 648 1429 nunc
662 1385 718 1448 per
732 1365 842 1428 locum
863 1363 903 1426 ab
919 1361 1128 1427 insufficiente
1149 1362 1357 1426 similitudine

371 1469 537 1533 conturbat
567 1467 730 1532 ecclesiam
761 1467 920 1532 dicentem
942 1466 1165 1556 canticorum·
1184 1466 1253 1556 ΥΡ,
1291 1475 1401 1548 11⁰,ro
1449 1515 1452 1520 .

370 1573 488 1637 Anima
521 1590 591 1635 meo
629 1572 757 1635 turbato
789 1581 836 1636 est
858 1580 998 1655 propter
1019 1590 1139 1634 currus
1160 1555 1356 1637 Arrrinadob.

371 1678 463 1741 Nunc
486 1675 569 1740 enirn
593 1674 790 1741 ecelesiastici
812 1675 990 1760 procedunt
1013 1674 1126 1740 eurmti
1150 1696 1226 1739 cum
1248 1677 1355 1740 multi·

371 1778 480 1845 tudine
506 1779 672 1844 cliencium
699 1780 789 1865 quasi
816 1799 904 1865 reges
926 1794 957 1842 ct
979 1792 1127 1864 reputant
1156 1779 1357 1863 privilegium

371 1885 460 1970 quod
481 1884 544 1949 ceci
579 1898 611 1949 et
641 1883 793 1948 inhabiles
815 1897 847 1949 et
874 1883 973 1968 ignari
1006 1882 1207 1969 preficiantur
1229 1884 1261 1946 in
1285 1884 1358 1947 altis

372 1988 503 2053 statibus
525 1989 633 2074 quoad
655 1990 813 2052 mundum
835 1987 889 2074 (de
912 2008 976 2073 qua
998 1988 1128 2053 materia
1148 2002 1235 2073 patet
1257 1987 1356 2073 alibi).
1371 2007 1399 2058 .5

178 2100 218 2147 ‘50
233 2114 343 2160 sumum
372 2094 433 2158 Sed
464 2094 625 2156 redeundo
656 2093 694 2156 ad
722 2092 939 2157 difficultatem
962 2093 1076 2157 dicitur
1098 2094 1186 2178 quod
1209 2106 1356 2178 potenta-

156 2154 464 2263 ia'l'ilil'iliviiimum
496 2197 590 2261 seculi
619 2213 666 2263 est
697 2197 859 2282 privilegio
890 2212 1010 2261 terrena
1040 2196 1214 2283 (quantum
1248 2198 1281 2260 in
1313 2197 1358 2261 eis

156 2259 363 2408 ξὲἕῗῖτζεὲἷ
372 2299 433 2391 est)
464 2302 645 2382 concedere,
678 2317 708 2365 et
740 2301 798 2366 Dei
829 2288 957 2366 virtute
976 2317 1007 2367 et
1037 2301 1142 2387 gracia
1162 2300 1357 2365 ‘confirmate

272 2375 287 2420 ⁷
372 2407 439 2471 sine
461 2408 577 2492 quibus
599 2427 664 2469 non
687 2406 796 2490 recipit
818 2406 1019 2490 privilegium
1043 2407 1195 2471 ultimum
1214 2406 1356 2489 comple·

371 2526 525 2576 mentum.
558 2496 698 2577 Unde‘si
726 2510 787 2575 lroc
809 2525 962 2593 moveret,
990 2525 1066 2575 tunc
1081 2510 1102 2556 *
1118 2511 1225 2575 nullus
1255 2525 1431 2596 sacer-157⁸

332 2598 340 2618 ’
370 2617 430 2679 dos
466 2630 572 2700 posset
613 2614 766 2680 conficere
803 2616 852 2679 vel
891 2617 965 2680 dare
1001 2632 1208 2697 sacramenta,
1250 2616 1358 2679 nullus

372 2718 471 2783 fidelis
492 2735 599 2804 posset
623 2720 720 2784 lacere
742 2741 839 2805 opera
862 2720 1031 2802 meritoria,
1053 2741 1110 2784 nec
1125 2720 1241 2805 aliquis
1256 2719 1357 2784 homo

372 2839 474 2908 preter
495 2823 656 2889 Christum
678 2826 751 2887 dare
774 2825 860 2888 alteri
884 2824 994 2910 quevis
1016 2825 1111 2888 dona.
1127 2823 1248 2888 Omnia
1270 2824 1358 2887 enim

372 2928 429 2990 ista
452 2927 614 3012 implicant
637 2929 774 3013 graciam
797 2929 865 3010 Dei,
889 2930 962 2993 ideo
986 2949 1051 2991 non
1075 2928 1166 3010 fiunt,
1190 2929 1248 2991 nisi
1270 2928 1357 2992 Deus

371 3034 577 3115 approbando
615 3033 774 3118 preveniat
811 3048 842 3097 et
879 3033 934 3097 det
964 3032 1118 3117 graciam3
1146 3034 1233 3117 quod
1268 3034 1400 3101 soluses

371 3138 455 3201 Deus
476 3150 581 3221 potest
603 3136 710 3202 lacere

781 3482 874 3547 CAP.
898 3485 936 3547 Χ.

414 3659 482 3721 lstis
498 3659 657 3740 premissis
671 3659 928 3720 descendendum
952 3671 999 3720 est
1014 3658 1188 3742 specialiter
1201 3661 1242 3722 ad
1256 3658 1350 3743 privi·
1362 3678 1389 3729 Δ

370 3762 487 3846 legium
510 3761 783 3825 Wcstmonasterii
804 3782 900 3845 super
922 3783 987 3846 quo
1010 3778 1151 3825 versatur
1173 3765 1352 3827 contencio.

369 3866 573 3949 supponatur
601 3865 705 3948 itaque
728 3865 760 3928 in
784 3865 895 3949 primis
918 3863 968 3950 (nt
991 3878 1075 3949 patet
1099 3887 1136 3929 ex
1160 3888 1232 3929 vera
1261 3867 1354 3951 copia
1366 3887 1399 3939 30

370 3968 557 4054 ministrata)
592 3970 680 4054 quod
716 3970 836 4033 dictum
875 3968 1200 4033 westmonasterium
1241 3970 1354 4033 habeat

409 4167 435 4201 rr.
452 4155 549 4213 Propter
567 4156 695 4214 quedrlgas
713 4157 736 4202 ln
751 4155 820 4200 Cant.
835 4155 953 4201 Canticos.
970 4154 1011 4213 Vl,
1026 4168 1053 4200 rr.
1147 4135 1192 4207 ἰφ
1208 4153 1236 4198 ri.
1255 4152 1286 4197 Ba
1300 4152 1353 4197 eltls

370 4225 494 4269 stantibus.
601 4227 636 4270 28.
660 4225 718 4270 Ain
733 4237 820 4280 merge
847 4223 909 4269 Note
930 4224 959 4271 de
982 4224 1104 4281 privilegio
1120 4222 1352 4268 Westerrnonasteril

370 4293 461 4347 (Abone
475 4293 522 4351 157·
535 4294 631 4340 without
645 4295 710 4341 rnarlr
722 4295 750 4340 ol
762 4295 899 4351 reference).
