3262 5226
314 578 374 663 Ι78
538 550 542 555 ’
846 588 1018 644 ronsuurs
1035 588 1184 642 wrcnr.
1361 567 1443 658 [cna.
1456 583 1518 628 vm.

335 760 491 820 cumrato
571 751 662 831 ltem,
691 747 977 833 proportionaliter
1010 759 1046 811 ut
1081 746 1234 809 dominus
1266 759 1313 809 est
1346 744 1586 830 potencior,0s

308 814 717 938 iiiiriiieiii’iiprudencior
740 866 771 916 et
793 853 866 936 plus
889 851 1020 915 allectus
1050 871 1108 915 sue
1136 850 1276 932 ecclesie,
1300 851 1449 915 tribueret
1477 846 1595 913 eis153'

330 918 496 1028 mliii
526 956 689 1042 privilegia
711 955 853 1042 pociora,
875 957 932 1020 sed
962 956 1021 1020 iste
1053 955 1259 1019 condiciones
1283 956 1520 1020 antonomatice

526 1076 648 1147 reperte
671 1076 747 1126 sunt
770 1061 803 1125 in
826 1060 955 1125 Christo
979 1061 1012 1124 in
1036 1061 1283 1145 comparatione
1306 1062 1345 1123 ad
1362 1060 1520 1136 Cesarem,

526 1188 602 1251 ergo
633 1179 664 1230 et
696 1164 911 1249 privilegiacio
943 1164 1233 1249 proporcionaliter
1260 1166 1518 1250 correspondens.
1531 1182 1545 1237 5

525 1272 631 1335 Nemo
653 1290 730 1355 ergo
753 1270 837 1334 dicet
859 1270 949 1355 quod
972 1268 1071 1334 Cesar
1093 1270 1167 1353 plus
1191 1269 1400 1355 privilegiavit
1421 1269 1520 1334 eccle-

524 1375 605 1439 siam
627 1394 726 1460 quam
751 1374 903 1437 dominus
933 1374 1022 1438 lesus
1046 1373 1205 1455 Christus,
1224 1395 1282 1438 nec
1305 1374 1377 1439 licet
1404 1373 1521 1458 fingere

525 1480 603 1564 quin
626 1478 775 1544 Christus
803 1478 864 1543 luit
892 1478 1059 1564 potencior
1090 1481 1131 1543 ad
1158 1480 1347 1543 donandum
1371 1480 1415 1545 eis
1438 1494 1519 1544 tem·

523 1585 655 1669 poralia,
679 1585 761 1650 sicut
784 1598 815 1649 et
836 1583 975 1668 apostoli
999 1598 1175 1668 potuerunt
1199 1604 1235 1647 ea
1250 1584 1417 1667 copiosius
1435 1605 1519 1649 rece·

523 1689 619 1773 pisse,
642 1704 679 1754 ut
701 1703 790 1774 patet
811 1688 844 1752 in
868 1688 941 1753 vitis
968 1709 1091 1752 eorum.
1128 1690 1221 1754 Unde
1248 1689 1371 1775 Symon
1407 1710 1565 1772 megasio

480 1832 483 1836 -
523 1795 625 1859 voluit
649 1794 773 1859 dedisse
795 1793 892 1857 Petro
914 1794 1050 1857 multam
1073 1794 1245 1877 pecuniam
1268 1815 1329 1877 pro
1352 1794 1538 1878 privilegio·

523 1899 701 1985 apostolico
721 1894 772 1985 (ut
787 1910 873 1982 patet
883 1902 953 1963 Act.
970 1895 1083 1984 Vlll⁰),
1103 1913 1134 1962 et
1150 1898 1280 1962 indubie
1302 1898 1382 1963 ioret
1402 1899 1519 1963 melius

524 2023 624 2090 quam
661 2001 858 2089 quantalibet
903 2001 1038 2086 pecunia
1080 2002 1132 2065 vel
1176 2003 1287 2068 omnia
1332 2003 1519 2088 temporalia

523 2107 619 2172 huius
643 2106 765 2170 mundi.
788 2106 858 2170 Nos
880 2126 957 2190 ergo
980 2127 1046 2170 non
1070 2107 1192 2171 erimus
1220 2108 1321 2193 magis
1344 2110 1518 2193 degeneres

523 2212 609 2277 dicto
632 2213 787 2298 Symone,
813 2210 888 2294 plur
914 2211 1133 2295 appreciantes
1162 2212 1364 2297 privilegiam
1396 2211 1561 2282 Cesarisrl

523 2337 623 2402 quam
644 2315 849 2400 privilegium
872 2314 995 2378 domini
1018 2316 1091 2380 lesu
1116 2315 1243 2382 Christi.

567 2423 634 2486 Nec
655 2421 740 2485 valet
762 2418 867 2485 dicere
888 2420 977 2505 quod
993 2420 1053 2484 ista
1068 2421 1233 2507 privilegia
1257 2421 1406 2486 dicuntur
1428 2423 1543 2509 equi-1

523 2547 601 2589 voce
625 2540 656 2589 et
678 2526 751 2590 ideo
785 2547 850 2590 non
884 2540 959 2590 sunt
986 2528 1224 2611 comparabilia,
1254 2550 1329 2593 nam
1352 2530 1439 2593 Deus
1472 2543 1520 2593 est

524 2630 637 2693 melior
651 2631 792 2712 diabolo,
810 2632 896 2695 bona
910 2630 1013 2716 gracie
1034 2646 1110 2696 sunt
1126 2632 1258 2696 meliora
1275 2618 1367 2696 bonis
1381 2632 1519 2714 fortune,

523 2749 555 2800 et
576 2735 664 2800 iuxta
687 2750 815 2800 sanctos
838 2737 954 2800 melius
986 2751 1034 2801 est
1056 2737 1238 2802 seculariter
1266 2758 1369 2802 carere
1390 2753 1517 2822 tempo·
1531 2771 1564 2806 20

523 2840 641 2906 talibus
663 2861 764 2925 quam
786 2841 912 2909 habere.
957 2842 988 2906 Si
1014 2863 1089 2927 ergo
1113 2841 1174 2907 ista
1196 2856 1262 2905 tam
1286 2843 1422 2927 disparia
1444 2858 1520 2907 sunt

479 2966 482 2973 ·
523 2945 737 3029 conparabilia
760 2945 792 3008 in
808 2946 895 3009 bono
918 2948 1067 3032 analogo,
1096 2970 1114 3010 a
1135 2947 1201 3032 pari
1226 2949 1276 3011 vel
1298 2948 1409 3011 maiori
1434 2949 1519 3012 bona

523 3049 631 3113 minus
653 3050 800 3134 disparia.
912 3118 921 3135 ⁸

568 3155 608 3218 Et
631 3169 735 3239 preter
757 3155 818 3218 hoc
843 3155 949 3240 aliqua
974 3157 1164 3240 temporalia
1187 3157 1318 3221 donavit
1343 3159 1428 3220 Deus
1452 3157 1548 3228 suisa

521 3279 586 3341 que
609 3261 717 3343 quoad
742 3260 954 3344 quantitatem
976 3275 1007 3323 et
1023 3262 1160 3324 modum
1176 3260 1312 3323 habendi
1330 3276 1404 3325 sunt
1428 3283 1517 3325 com·
1531 3281 1562 3334 25

521 3364 672 3446 parabilis
696 3365 784 3428 dono
807 3363 932 3428 Cesaris
960 3363 1010 3426 vel
1039 3365 1167 3428 alterius
1199 3366 1322 3429 domini
1356 3366 1519 3447 secularis;

521 3467 554 3529 in
578 3467 639 3531 hoc
664 3490 740 3553 ergo
763 3472 851 3552 quod
877 3469 960 3532 dicta
984 3468 1147 3553 privilegia
1171 3469 1319 3534 dicuntur
1343 3485 1407 3534 tarn
1430 3472 1519 3555 equi·

522 3592 611 3653 voce,
627 3586 755 3657 oportet
777 3575 950 3638 concedere
974 3575 1063 3657 quod
1086 3595 1188 3637 unum
1214 3574 1375 3639 infinitum
1399 3574 1520 3639 excedit

523 3676 682 3761 reliquum
699 3678 730 3740 in
747 3677 957 3762 perfeccione,
982 3679 1066 3744 sicut
1089 3681 1219 3762 spiritus
1236 3682 1358 3745 excedit
1375 3696 1522 3744 naturam

522 3783 751 3864 corpoream*
1538 3799 1597 3854 ¹53⁴

317 3899 357 3946 an
374 3901 500 3957 privilege·
568 3886 657 3967 ltenr,
673 3888 761 3951 iuxta
776 3886 827 3949 lric
844 3888 928 3950 dicta
944 3887 976 3950 in
994 3888 1168 3950 correlariis
1184 3888 1410 3973 descriptionis
1426 3886 1555 3971 prist-a

314 3953 505 4067 ciiri‘aiiiiiry
523 3991 606 4075 legii,
624 4013 720 4056 nemo
744 4007 849 4076 potest
865 3994 938 4055 dare
954 3992 1167 4076 privilegium,
1191 3992 1250 4055 nisi
1267 3992 1415 4055 Christus
1435 3990 1522 4075 prin·

323 4058 493 4118 “mmm
523 4096 665 4179 cipaliter
689 4097 766 4160 illud
796 4097 929 4179 dederit,
963 4111 994 4162 et
1026 4118 1102 4160 cum
1136 4118 1200 4160 non
1237 4098 1326 4161 decet
1350 4095 1521 4158 dominum

523 4200 595 4264 dare
623 4221 680 4285 per
711 4222 839 4265 servum
872 4204 997 4264 donum
1029 4200 1205 4286 perleccius
1236 4221 1334 4285 quam
1368 4198 1436 4282 ipse
1469 4196 1523 4259 dat

557 4472 580 4520 ³.
596 4474 627 4518 lla
648 4475 845 4521 autonomastice.
954 4487 985 4530 ¹7·
1006 4477 1028 4521 Α
1048 4475 1071 4520 ln
1091 4488 1180 4532 marna
1195 4446 1337 4532 liesponalo.
1442 4467 1475 4515 al.
1491 4481 1524 4516 sc.

522 4552 574 4589 sarit
588 4547 765 4602 comparabilia.
873 4543 902 4591 ³1.
919 4549 939 4590 Α
954 4546 978 4590 in
994 4558 1083 4602 naarpr
1107 4545 1170 4591 Nota
1183 4545 1229 4590 boc
1243 4550 1417 4600 argumentum.
