3262 5226
413 420 548 515 curu]
808 436 1049 492 ouuocrusrn

303 602 532 673 11155·nrnoris
563 599 629 681 sui;
656 597 744 682 quod
765 592 910 678 contigit,
932 614 1007 657 cunr
1028 592 1174 659 Christus
1196 594 1319 680 occepit
1341 596 1407 660 ele·

415 706 557 771 mosines
592 724 612 767 u
648 701 735 765 luicis
771 712 804 763 et
840 696 956 763 sanctis
990 696 1124 763 feminis
1152 698 1193 762 Et
1223 700 1407 763 secundum

416 811 508 875 istum
531 806 753 873 condicionem
776 804 885 867 dotata
908 800 968 867 luit
988 801 1116 866 ecclesie
1138 823 1205 867 non
1220 802 1260 866 ed
1274 803 1406 867 orden·

415 915 494 978 dum
516 913 567 977 rel
589 912 628 976 sd
652 907 875 973 retrahendum
898 926 969 971 enm
990 928 1009 970 n
1030 904 1226 992 perfeccione
1247 907 1406 992 primeva.

391 1032 406 1083 5
460 1018 553 1083 Unde
580 1011 944 1079 excommunicetissime
970 1025 1103 1097 peccunt
1123 1010 1189 1075 sive
1212 1010 1313 1075 cleriei
1336 1013 1490 1123 sirena?
1499 1033 1608 1123 meg:

348 1134 407 1190 155⁸
416 1121 485 1183 lnici
501 1118 523 1163 ⁸
537 1120 593 1205 qui
615 1118 678 1182 hoc
702 1117 900 1202 privilegium
922 1116 1090 1202 antiquum
1112 1116 1241 1181 ecclesie
1268 1115 1556 1188 seienterctenrpnn

415 1225 562 1288 sitierunt
576 1223 625 1286 vel
641 1221 801 1303 minuunt,
824 1235 856 1286 et
876 1221 951 1285 hinc
965 1222 1080 1302 xxv·,
1094 1242 1126 1307 q.
1142 1219 1179 1304 ΙΙ,
1195 1218 1241 1284 sic
1259 1220 1406 1305 loquitur

418 1330 484 1392 Leo
511 1342 608 1412 pepe:
636 1327 814 1413 Prinilegie
842 1326 1052 1391 ecelesiarum
1075 1335 1107 1391 et
1128 1326 1404 1390 monasteriorum

418 1444 606 1497 sanctorum
625 1446 761 1517 patrum
783 1432 978 1496 auctoritate
991 1433 1139 1496 instituto
1154 1431 1248 1494 nulla
1263 1442 1407 1513 possunt

377 1539 622 1622 roimprobitate
644 1538 795 1613 conuelli,
819 1535 913 1599 nulla
935 1538 1076 1601 nouitate
1098 1536 1230 1601 mutari.
1275 1534 1316 1600 In
1338 1555 1407 1621 quo

416 1662 514 1726 opere
537 1644 721 1707 orexiliunte
745 1641 875 1705 Christo
886 1640 1038 1725 fideliter
1058 1640 1247 1725 eueqttendo
1273 1658 1405 1705 neeesse

416 1757 466 1812 est
496 1748 586 1811 sedis
607 1748 754 1812 Romane
770 1746 946 1831 pontifices
961 1755 1228 1829 perseuerantem
1251 1745 1407 1811 exhibere

407 1851 626 1938 somniatum.
661 1852 876 1935 Dispensocio
905 1852 991 1917 enim
1025 1851 1117 1916 nobis
1141 1850 1268 1916 credite
1296 1860 1348 1915 est
1372 1862 1407 1917 et

417 1957 463 2019 od
499 1968 647 2022 nostrum
683 1969 810 2022 reatum
844 1957 954 2037 tendit,
987 1958 1017 2020 si
1041 1967 1259 2041 paternorum
1287 1957 1406 2042 regule

377 2065 624 2126 issonecionum
663 2063 754 2126 nobis
786 2062 1059 2126 consencientibus
1091 2063 1143 2127 nel
1163 2063 1406 2149 negligentibus

417 2168 590 2233 uiolentur.

393 2279 409 2333 1
460 2272 552 2335 Talia
576 2286 649 2336 sunt
665 2273 765 2335 multa
783 2272 920 2336 decretu:
936 2273 1024 2357 quod
1039 2293 1104 2336 non
1124 2272 1196 2337 licet
1216 2271 1402 2358 antiquiori·
1424 2280 1474 2325 aru
1488 2280 1532 2326 ure
1546 2280 1608 2327 oreo

416 2377 475 2439 bus
496 2376 667 2461 privilegiis
700 2376 789 2441 novis
820 2377 1084 2461 subsequentibus
1115 2378 1274 2463 derogare.
1316 2377 1400 2442 Cum
1437 2332 1608 2441 'diff

417 2501 492 2564 ergo
527 2480 748 2566 antiquissimu
780 2497 811 2545 et
842 2481 1034 2545 validissime
1064 2481 1235 2567 privilegia,
1260 2481 1403 2548 institute
1412 2446 1501 2548 9⁰25?
1502 2447 1608 2538 111311

375 2607 435 2648 iou
459 2584 597 2668 Christo,
625 2600 779 2650 steterunt
802 2587 834 2650 in
857 2601 1041 2672 paupertate
1070 2587 1231 2671 altissime,
1262 2587 1405 2674 sequitur

418 2692 507 2775 quod
531 2711 596 2754 uon
620 2692 693 2755 licet
716 2691 867 2777 cuiquam
891 2692 1089 2778 privilegium
1109 2692 1188 2758 illud
1212 2693 1403 2759 subtrahere

418 2794 504 2859 Cum
537 2817 612 2880 ergo
644 2795 842 2880 privilegium
875 2796 953 2860 illud
976 2796 1091 2862 stetin
1113 2784 1259 2862 habendo
1290 2811 1404 2862 cuneta

419 2901 664 2985 exproprieturie
696 2901 728 2965 in
760 2901 937 2982 communi,
969 2902 1013 2967 sic
1043 2904 1131 2988 quod
1161 2902 1222 2967 sibi
1248 2916 1405 2988 repugnet

419 3005 603 3070 dominacio
641 3006 742 3070 civilis
778 3021 809 3071 et
845 3007 1048 3071 conversacio
1085 3005 1243 3089 secularis,
1281 3006 1406 3072 ridetur

379 3116 409 3168 25
420 3113 507 3195 quod
531 3111 593 3174 hoc
616 3132 680 3175 noo
697 3111 784 3175 licuit
799 3111 867 3175 sine
887 3112 971 3196 genui
995 3111 1135 3196 periculo
1156 3110 1356 3176 introducere
1370 3111 1404 3175 in

421 3217 551 3279 clerum.
570 3217 661 3279 Unde
677 3217 789 3291 XXV·,
806 3236 837 3300 q.
854 3215 878 3297 1,
895 3236 997 3279 canon
1019 3214 1063 3280 sic
1085 3215 1241 3301 loquitur:
1268 3216 1339 3294 Que
1360 3216 1406 3279 od

416 3329 611 3404 perpetuom
634 3322 838 3404 generaliter
851 3330 928 3383 sunt
941 3320 1094 3384 ordinato
1110 3321 1289 3396 utilitatem,
1312 3317 1405 3385 nullu

422 3425 676 3488 commutacione
696 3428 874 3501 varientur,
891 3445 951 3491 nec
965 3425 1010 3490 ad
1018 3427 1185 3509 priuatum
1202 3424 1403 3489 commodum

422 3527 599 3592 trahantur
621 3549 683 3611 que
705 3530 750 3592 od
772 3531 889 3594 bonum
912 3541 989 3593 sunt
1011 3550 1177 3595 commune
1194 3529 1338 3614 prefixa.

381 3652 413 3704 30
467 3633 513 3695 Ex
551 3631 619 3695 istis
656 3634 824 3717 colligitur,
862 3655 936 3699 curn
975 3655 1032 3699 nec
1068 3635 1217 3699 dominus
1258 3634 1405 3699 secularis

423 3736 531 3801 debuit
564 3758 621 3801 nec
654 3740 759 3821 potuit
780 3741 854 3803 dure
877 3740 960 3803 clero
984 3739 1015 3802 in
1038 3738 1236 3823 privilegium
1258 3738 1404 3803 domine·

462 3992 484 4031 ο.
500 3979 534 4023 A:
551 3987 686 4026 sanctorum
702 3988 832 4036 paternum.
938 3991 970 4025 υ.
994 3984 1029 4026 Ar
1046 3988 1127 4034 centn
1143 3982 1173 4036 Α,
1186 3991 1249 4027 corr.
1262 3979 1300 4026 int
1313 3986 1404 4027 ennae.

425 4045 459 4093 30.
473 4053 492 4095 Α
505 4050 527 4092 in
538 4061 611 4103 marg.
619 4065 625 4092 ε
633 4048 687 4095 Non
702 4051 767 4095 licuit
779 4052 843 4095 clero
858 4050 961 4106 recipere
972 4049 1159 4095 dominacionem
1169 4062 1213 4096 nec
1225 4049 1289 4096 licuit
1302 4049 1406 4096 dominis

424 4119 459 4164 sie
473 4120 569 4163 dooere.

469 4297 493 4348 7.
514 4281 577 4331 nec.
602 4280 633 4331 u.
658 4296 683 4348 ρ.
707 4295 779 4332 crus.
800 4281 881 4342 xxv,
904 4296 931 4347 q.
954 4280 984 4344 n,
1005 4295 1028 4330 e.
1051 4265 1082 4332 n.
1191 4278 1233 4332 so
1251 4280 1313 4333 osc.
1332 4280 1361 4333 u.
1381 4295 1407 4348 μ

426 4383 496 4419 esus.
514 4367 595 4429 XXV,
614 4383 640 4434 q.
658 4367 678 4433 l,
696 4382 718 4418 e.
738 4367 779 4419 111.
