3262 5226
471 350 640 429 tonsurus
659 350 807 405 wucrrr.
960 324 1042 420 [cna.
1057 341 1140 391 xxru.

111 530 123 570 t·
164 511 276 576 tenciis
291 525 323 574 et
340 510 605 590 Remissionibus,
623 527 691 593 cap.
706 507 919 593 indulgencie
935 506 967 569 in
982 505 1142 591 principio
1153 495 1253 577 roua

111 588 215 702 {per
237 612 524 696 Archidiaconum;
553 612 638 676 unde
670 632 781 677 omnes
815 612 891 686 istas
923 611 1142 695 indulgencias
1333 596 1336 601 ’

111 695 290 784 ἷῖἶῐιειιιιιιῑ
314 732 346 784 et
367 719 506 784 limitent
528 718 568 781 ad
592 717 731 800 prelatos
755 717 894 783 ecclesie.
919 714 1014 780 Unde
1040 730 1141 780 statu·

158 839 218 890 unt
251 824 310 888 sibi
344 844 404 909 pro
436 823 545 906 regula
579 821 666 907 quod
700 821 789 885 solus
820 840 902 906 papa
935 833 1041 905 potest
1065 821 1141 884 dare

157 930 265 1018 quoad
289 928 397 993 locum
419 942 451 992 et
474 942 602 1011 tempus
624 924 842 1008 indulgencias
865 925 1039 1008 generales,
1073 926 1166 1010 epi-5

157 1035 247 1119 scopi
278 1045 385 1097 autem
422 1030 542 1095 babent
576 1041 769 1114 potestatem
800 1029 967 1094 limitatam
1002 1028 1139 1094 faciendi

158 1137 385 1221 indulgentias.
413 1136 496 1201 Nam
524 1154 599 1198 cum
628 1134 776 1199 dedicant
803 1135 961 1216 ecclesias,
990 1155 1054 1198 non
1089 1156 1141 1198 ex·

158 1243 301 1309 tenditur
328 1260 440 1305 eorum
468 1238 670 1323 indulgencia
698 1239 779 1303 ultra
807 1258 939 1318 annum,
970 1239 1099 1303 eciamsi
1123 1260 1140 1301 a

158 1331 307 1432 pluribus
326 1334 495 1431 'episcopis
525 1344 700 1408 dedicetur.
733 1343 769 1406 ln
801 1342 871 1406 aliis
908 1358 1017 1408 autem
1057 1346 1140 1408 ultra

159 1471 329 1516 numerum
361 1449 574 1536 quadraginta
603 1448 727 1512 dierum
751 1468 814 1510 non
839 1460 945 1531 potest
972 1449 1185 1534 episcopusro

160 1557 337 1640 indulgere,
353 1567 599 1639 verumptamen
620 1553 790 1638 episcopus
813 1550 1021 1618 confirmatus
1052 1569 1140 1618 ante·

164 1681 262 1746 quam
296 1659 338 1725 sit
367 1659 527 1742 sacerdos,
560 1657 642 1722 sicut
672 1672 703 1722 et
736 1657 830 1741 legati
862 1677 927 1720 non
960 1660 1142 1724 sacerdotes

160 1765 281 1831 faciunt
316 1763 544 1847 indulgencias,
566 1762 640 1847 quia
663 1762 721 1825 hec
745 1777 886 1846 potestas
910 1763 1011 1846 magis
1034 1766 1080 1829 eis
1104 1786 1142 1829 ex

159 1869 384 1935 iurisdictione
416 1888 515 1954 quam
548 1889 586 1931 ex
617 1869 738 1932 ordine.
773 1868 941 1934 lnleriores
970 1887 1078 1936 autem
1107 1886 1142 1937 ut

161 1977 292 2041 abbates
319 1988 350 2038 et
372 1973 539 2058 presbiteri
571 1994 636 2037 non
660 1987 798 2057 possunt
820 1959 1041 2060 indulgencies
1064 1978 1185 2043 talesrs

161 2080 336 2145 concedere
367 2079 494 2165 publice
527 2097 564 2141 ex
597 2078 787 2143 auctoritate
820 2079 1044 2162 iurisdicionis‚
1086 2083 1141 2145 sed

160 2187 283 2271 private
306 2183 338 2249 in
355 2184 426 2249 loro
442 2184 620 2268 penitencie
642 2182 694 2269 (ut
715 2198 805 2270 patet
827 2187 861 2248 in
885 2185 933 2248 De
951 2185 1143 2250 Penitenciis

132 2294 192 2356 set
217 2288 482 2370 Remissionibus,
512 2289 652 2372 capitulo
675 2288 916 2375 indulgencie);
946 2309 1043 2374 super
1064 2311 1142 2354 vero

160 2395 380 2459 conceduntur
398 2414 454 2478 per
478 2393 683 2457 innocentem
700 2408 731 2458 et
746 2394 1035 2460 Archidiaconum:
1060 2395 1142 2473 iicet,

160 2499 275 2585 inquit,
297 2500 443 2563 restricta
464 2499 508 2564 sit
524 2508 667 2584 potestas
686 2499 725 2563 de
739 2497 951 2584 indulgencie
974 2519 1036 2584 que
1051 2500 1187 2585 finntao

155 2604 293 2690 publice,
311 2615 488 2669 nontamen
504 2604 537 2668 in
544 2603 628 2690 soro
644 2605 852 2689 penitenciali
865 2605 899 2668 in
914 2623 977 2690 quo
991 2605 1143 2670 sacerdos

156 2718 261 2794 potest
275 2708 446 2794 indulgere
458 2729 563 2774 annos
578 2720 609 2773 et
623 2709 689 2773 dies
701 2708 874 2773 dammodo
887 2710 1024 2775 discrete
1031 2711 1144 2796 saciat

160 2824 191 2879 et
199 2814 416 2898 penitenciam
432 2814 607 2878 iniunctam
618 2834 681 2898 per
696 2814 895 2898 superiorem
913 2835 975 2878 non
991 2817 1140 2881 remittat.

111 2960 143 2992 ns
206 2917 277 2981 lstis
306 2919 468 3001 premissis
492 2933 590 2982 restat
612 2918 718 2981 videre
742 2919 919 3002 expressius
944 2920 1021 3003 quid
1050 2935 1143 2984 sonat

111 3012 138 3096 ξ’
162 3023 296 3085 verbum
328 3023 456 3105 prelati:
479 3023 615 3087 Remitto
642 3025 698 3086 tibi
730 3034 854 3086 tantum
885 3034 1010 3107 tempus
1037 3025 1187 3093 indul-25

111 3112 273 3212 ffsslgencie
303 3147 368 3210 pro
400 3129 551 3211 peccatis,
586 3142 617 3190 et
653 3128 772 3192 dicitur
805 3130 1021 3192 communiter
1056 3132 1143 3214 quod

111 3221 282 3306 {⁶³virtute
315 3233 385 3295 talis
419 3233 619 3316 indulgencie
645 3253 702 3315 per
730 3247 856 3296 tantum
881 3247 1008 3317 tempus
1038 3237 1144 3300 minus

111 3314 296 3423 filpacieris
324 3338 355 3399 in
379 3339 578 3420 purgatorio,
615 3351 644 3400 et
672 3338 734 3401 boc
757 3338 887 3421 intelligi
911 3354 1017 3422 potest
1040 3340 1142 3424 dupli·

163 3440 250 3523 citer,
272 3445 322 3503 vel
345 3442 431 3526 quod
455 3442 653 3525 indulgencia
674 3442 790 3506 habeat
813 3442 986 3506 efficaciam
1010 3458 1143 3529 tantam,

162 3561 316 3632 quantam
344 3562 468 3611 tantum
497 3548 651 3631 temporis
677 3568 735 3631 pro
763 3548 943 3630 penitencia
971 3550 1067 3613 huius
1094 3551 1144 3615 vie
1156 3567 1189 3620 30

162 3652 270 3737 quoad
293 3665 412 3714 statum
436 3653 624 3735 purgatorii,
648 3652 698 3716 vel
721 3653 861 3716 secundo
885 3653 972 3736 quod
996 3654 1035 3716 de
1052 3669 1144 3719 tanto

202 3903 222 3951 ³.
236 3906 258 3951 Α
271 3905 295 3950 iu
309 3917 396 3961 marg:
411 3905 561 3963 indulgencie
576 3907 617 3965 <
631 3884 806 4000 mmmm,

163 4021 238 4066 marg.
263 4009 339 4055 addire
361 4012 475 4057 convenit.
590 4025 622 4067 ιι.
642 4012 672 4058 B:
693 4013 825 4059 inserentes
847 4021 932 4059 antem.
1041 4029 1074 4071 ra.
1089 4017 1106 4062 tt
1120 4018 1144 4063 lu

163 4092 249 4136 marga
271 4081 376 4126 Potestas
391 4082 528 4140 indulgendi
542 4091 577 4130 est
592 4097 620 4129 ca
634 4083 800 4129 iurlrdlcclone
815 4091 838 4129 et
853 4096 900 4129 non
914 4098 943 4129 ex
957 4079 1049 4144 ordin'e,
1068 4095 1093 4131 ut
1107 4087 1145 4133 hle

163 4157 232 4206 patet.
336 4160 370 4195 ra.
385 4153 418 4196 Αι
437 4153 543 4199 dlnereta.
648 4165 683 4206 aa.
703 4154 725 4199 Α
743 4152 759 4196 Β
774 4153 797 4198 in
813 4165 902 4210 marga
921 4153 1053 4213 Noteqold
1077 4164 1146 4202 sonet

162 4219 203 4272 (lis
218 4219 284 4276 bocla
299 4218 398 4266 Remitto
412 4222 453 4282 tibi
468 4229 559 4269 tantum
574 4232 667 4281 tempus
677 4223 826 4279 indulgencie
839 4236 883 4281 pro
896 4225 1007 4281 peccatis.
1067 4223 1100 4270 ai.
1114 4225 1144 4271 Βι

163 4285 263 4336 Remitto
276 4289 319 4336 tlbl
332 4297 432 4347 tempus

899 3906 928 3953 13.
943 3917 1061 3968 potestas3
1077 3915 1106 3971 A.
1120 3917 1144 3961 ln
