3262 5226
679 355 848 454 tonsurus
866 400 1017 454 wvcttr.
1239 373 1356 467 [cana

372 559 460 637 ltem,
490 577 565 620 cum
596 556 694 620 sancti
726 576 809 640 pape
839 572 914 641 post
945 571 1083 621 mortem
1116 574 1181 618 non
1219 552 1386 636 perduntu
1404 567 1432 621 1)

371 661 555 746 dignitatem
589 658 730 744 capitalis
767 660 927 744 regiminis
963 682 1020 725 sue
1058 657 1197 739 ecclesie,
1234 636 1430 721 videtur¹³²'

372 767 458 852 quod
482 779 612 830 manent
635 765 738 848 capita
761 764 888 829 ecclesie
911 788 967 831 sue
990 767 1023 829 in
1046 764 1161 849 patria;
1193 761 1245 826 illa
1271 758 1357 824 enim

372 870 504 956 dignitas
528 868 608 933 foret
630 868 692 931 illis
714 868 863 932 laureola.
896 871 979 933 Nam
1001 869 1083 933 sicut
1106 867 1234 930 nullum
1257 885 1357 928 mem·

372 974 466 1039 brom
487 973 614 1039 ecclesie
637 985 742 1056 potest
764 973 906 1036 desinere
928 994 997 1038 esse
1019 971 1203 1037 membrum
1219 967 1384 1050 ecclesie,5

372 1078 416 1142 sic
430 1078 552 1141 videtur
566 1077 655 1162 quod
671 1075 798 1140 nullum
812 1091 909 1160 caput
925 1076 1143 1160 cuiuscunque
1158 1071 1356 1157 particularis

372 1182 498 1246 ecclesie
520 1195 625 1264 potest
647 1180 788 1244 desinere
821 1201 888 1245 esse
917 1195 1013 1266 caput
1044 1179 1188 1245 eiusdem
1219 1176 1358 1258 ecclesie,

372 1299 403 1349 et
433 1306 488 1369 per
519 1304 728 1369 consequens,
759 1298 835 1348 suut
865 1283 953 1348 mille
983 1282 1187 1369 particulares
1218 1279 1356 1362 ecclesie,

373 1410 507 1475 quarum
535 1388 638 1472 capita
659 1402 734 1453 sunt
756 1388 935 1452 multorum
958 1406 1115 1473 paparum
1148 1386 1260 1470 capita.
1284 1386 1359 1448 Non

373 1514 448 1577 ergo
479 1508 525 1557 est
549 1513 659 1557 verum
682 1494 771 1578 quod
793 1491 887 1556 unica
908 1507 956 1557 est
976 1507 1078 1556 mater
1109 1490 1239 1556 ecclesia
1268 1489 1359 1554 cuius
1372 1516 1404 1554 ιο

372 1611 497 1681 oportet
519 1616 743 1682 quemcunque
757 1598 943 1661 Romanum
957 1594 1143 1680 pontificem
1166 1615 1234 1658 esse
1253 1606 1358 1677 caput

180 1717 263 1763 τιιιε
276 1728 337 1761 vere
417 1703 505 1782 ltem,
532 1716 675 1785 tempore
706 1717 779 1766 ante
812 1701 1067 1766 incarnacionem
1098 1699 1228 1763 luerunt
1259 1699 1387 1764 multee
1404 1709 1432 1764 E

150 1769 364 1868 idf'ii‘cidiiidi
374 1805 574 1890 particulares
596 1805 724 1870 ecclesie
745 1827 881 1891 quarum
908 1806 1049 1891 quelibet
1081 1803 1145 1867 iam
1177 1817 1225 1867 est
1248 1803 1359 1866 eadem

151 1875 322 1973 ''si'd‘de'iea
345 1886 364 1980 ,⁹
372 1910 510 1990 ecclesia,
539 1912 592 1974 sed
617 1910 816 1994 triumphans
843 1931 905 1996 que
927 1911 1092 1996 quondam
1127 1907 1187 1972 luit
1209 1906 1359 1988 militans,

373 2015 549 2080 stillarum
570 2015 675 2078 nullus
698 2016 863 2079 Romanus
886 2013 1029 2098 pontifex
1052 2013 1112 2078 luit
1138 2026 1235 2096 caput
1257 2021 1401 2095 proteris

373 2119 550 2201 Christum;
572 2140 632 2187 nec,
651 2118 786 2183 dubium
806 2118 882 2204 quin
905 2119 958 2183 ille
973 2116 1103 2182 ecclesie
1119 2116 1358 2202 distinguuntur

374 2224 414 2287 ab
436 2223 600 2287 universali
623 2224 751 2288 ecclesia
773 2238 805 2288 et
826 2225 866 2288 ab
888 2223 956 2286 aliis
987 2221 1229 2307 particularibus
1260 2220 1358 2285 eccle·

173 2343 292 2389 ιιιιιιοιι
305 2345 343 2388 ne
376 2328 443 2392 siis:
467 2348 542 2413 ergo
563 2328 662 2393 multe
684 2342 758 2392 sunt
773 2328 975 2412 particulares
990 2326 1129 2409 ecclesie,
1152 2339 1184 2392 et
1205 2347 1262 2411 per
1283 2346 1358 2390 con·

152 2397 280 2496 mciii&
294 2398 520 2518 idibsequeus,
542 2453 603 2495 una
626 2432 809 2496 universalis
832 2432 960 2496 ecclesia
987 2431 1092 2495 exeis
1115 2431 1261 2512 collecta;
1297 2450 1360 2515 que

180 2515 203 2548 ¹⁸
219 2502 340 2612 oppane
375 2538 434 2601 sub
456 2537 670 2601 iurisdiccione
693 2537 812 2601 nullius
826 2536 908 2600 Petri
930 2536 1038 2600 vicarii
1061 2551 1227 2621 tamquam
1250 2533 1405 2618 capitisso

376 2656 450 2706 sunt
471 2641 616 2705 subiecte.
649 2642 723 2705 Non
750 2640 837 2705 enim
859 2655 945 2726 patet
976 2640 1093 2723 evasio,
1127 2640 1292 2726 loquendo
1323 2638 1361 2700 de

376 2745 591 2829 predestinatis
621 2744 766 2809 fidelibus
802 2743 856 2835 (de
878 2766 1018 2831 quorum
1050 2765 1186 2809 numero
1218 2764 1284 2807 non
1315 2758 1361 2809 est

377 2847 546 2935 Christus),
568 2850 644 2936 quin
661 2849 789 2914 ecclesie
804 2850 856 2914 ille
878 2849 1027 2914 differunt
1048 2850 1089 2913 ab
1111 2847 1259 2929 invicem,
1280 2847 1361 2911 sicut

378 2955 594 3018 multitudines
631 2955 757 3018 illarum
794 2975 1004 3039 personarum
1042 2954 1283 3038 distinguuntur
1320 2952 1360 3014 ab

378 3059 522 3140 invicem,
553 3073 584 3123 et
604 3059 629 3121 si
653 3058 781 3124 ecclesia
812 3059 887 3123 dicit
919 3073 1086 3145 aggregata
1118 3078 1174 3142 per
1207 3056 1361 3137 accidens,
1373 3063 1405 3118 25

378 3177 454 3226 tunc
495 3163 547 3226 illa
587 3178 754 3248 aggregata
795 3163 1034 3247 distinguuntur
1074 3177 1142 3226 tam
1183 3161 1361 3225 secundum

378 3267 515 3331 subiecta
548 3289 647 3353 quam
683 3269 859 3331 secundum
892 3266 1010 3330 formas
1049 3280 1234 3351 aggregatas
1270 3264 1365 3348 longe

378 3372 450 3454 plus
472 3393 569 3457 quam
590 3373 700 3435 Petrus
722 3372 812 3434 albus
842 3386 872 3436 et
894 3373 1003 3435 Petrus
1031 3371 1183 3434 musicus.
1215 3369 1248 3434 Si
1281 3368 1366 3431 enim

379 3475 464 3539 Deus
494 3491 645 3539 servasset
674 3490 776 3540 totam
807 3476 971 3540 ecclesiam
1001 3475 1192 3538 militantem
1223 3488 1366 3556 tempore

380 3579 527 3643 vincionis
550 3579 667 3644 Christi
691 3599 791 3665 usque
814 3580 909 3642 hodie
931 3592 1172 3643 conversantem
1194 3577 1228 3640 in
1250 3576 1409 3660 Anglia3o

381 3697 412 3747 et
441 3698 571 3747 creasset
596 3705 694 3747 novas
725 3683 881 3765 ecclesias,
915 3682 997 3748 sicut
1037 3684 1077 3745 de
1111 3681 1195 3746 lacto
1228 3681 1300 3746 lecit
1331 3681 1363 3744 iu

383 3787 510 3850 Francia
539 3804 570 3852 et
600 3788 684 3869 alibi,
715 3802 791 3852 tunc
828 3787 1105 3871 distinguerentur.
1144 3788 1252 3864 Quare
1289 3806 1364 3869 ergo

383 3893 480 3955 modo
508 3912 574 3955 non
605 3887 860 3976 distinguuntur?
894 3893 1053 3955 Notemus
1089 3911 1164 3975 ergo
1203 3891 1366 3955 ecclesiam

383 4015 480 4079 quam
501 3996 571 4059 talis
593 3996 699 4079 primo
721 4010 752 4060 et
774 4018 830 4081 per
851 4017 884 4060 se
907 3995 996 4079 regit,
1021 4009 1053 4059 et
1074 3995 1252 4059 invenietur
1279 3995 1365 4080 quod

428 4269 450 4313 6.
465 4271 499 4315 A:
513 4269 684 4316 sicutvldetor.
778 4284 810 4316 ro.
824 4269 856 4314 oz
870 4277 905 4314 est
919 4281 1001 4314 unam.
1109 4280 1135 4312 ιι.
1152 4269 1188 4313 A:
1202 4278 1366 4326 quencnnque.

385 4349 420 4382 ao.
431 4337 456 4383 la
470 4338 540 4383 codd.
550 4339 713 4385 loredleelone.
794 4340 827 4386 23.
842 4340 873 4385 uz
888 4339 1067 4385 distineelonent
1085 4337 1238 4384 abinvicem.
