3262 5226
499 726 672 781 Jonsunrs
690 723 840 776 wrcurr.
879 766 884 772 .
974 699 1056 795 [cna.
1075 710 1157 759 xxm.

127 883 304 965 mgencias
333 883 415 948 loret
442 884 547 946 debita
570 899 618 947 est
640 881 760 962 futura,
789 882 865 967 quia
891 881 964 943 data
987 897 1069 963 pena
1094 897 1156 960 que
1168 883 1271 956 207⁸U

127 950 239 1051 ¹isilnon
264 989 404 1069 videtur,
431 987 518 1072 quod
546 986 597 1049 illa
622 1005 706 1070 pena
734 987 852 1051 virtute
878 983 1079 1066 indulgencie
1108 994 1156 1045 est
1252 1049 1257 1059 ‚

127 1086 129 1097 ’
174 1091 316 1155 dimissa.
337 1091 389 1154 Ad
405 1093 502 1156 istum
525 1090 613 1154 enim
628 1110 758 1177 sensum
776 1091 862 1153 Deus
877 1087 1010 1152 dimittit
1026 1107 1154 1172 penam,

174 1209 206 1257 et
236 1215 296 1279 per
323 1213 531 1279 consequens,
565 1215 624 1279 per
654 1192 873 1278 indulgentias
906 1211 964 1256 nec
996 1191 1156 1255 relaxatur

173 1319 256 1383 pena
293 1318 351 1361 nec
384 1299 549 1364 alleviatur
582 1299 635 1362 ille
667 1300 718 1363 cui
751 1297 787 1364 fit
819 1296 1033 1380 indulgencia.
1071 1297 1180 1360 Nam5

173 1403 199 1466 si
222 1402 330 1488 aliqua
352 1423 434 1488 pena
462 1419 546 1467 caret
575 1423 675 1488 quam
703 1404 794 1468 aliter
823 1403 965 1484 haberet,
993 1415 1071 1466 tunc
1094 1400 1156 1464 sibi

174 1506 391 1571 dimitteretur
413 1507 465 1570 illa
487 1527 582 1591 pena,
617 1522 650 1571 et
677 1528 751 1572 cum
783 1528 866 1592 pena
893 1506 1115 1571 individuatur
1137 1526 1155 1568 a

174 1624 321 1698 tempore
351 1625 383 1675 et
416 1611 563 1676 consistit
592 1613 626 1675 in
658 1613 869 1688 successione,
906 1611 1034 1676 videtur
1067 1611 1156 1697 quod

174 1735 238 1779 non
262 1730 311 1779 est
333 1716 550 1780 commutacio
573 1737 655 1802 pene
677 1737 737 1802 pro
759 1737 852 1802 pena,
875 1731 945 1782 tum
968 1717 1045 1802 quia
1067 1717 1155 1800 quod

175 1833 311 1885 nonest
343 1840 408 1885 non
434 1835 672 1903 commutatur;
703 1842 786 1907 pena
814 1835 921 1886 autem
949 1842 1010 1906 pro
1032 1842 1096 1908 qua
1120 1822 1200 1888 ntro

174 1926 377 2011 indulgencia
400 1946 458 1990 nec
487 1925 548 1991 luit
570 1946 629 1991 nec
652 1940 781 1991 estnec
804 1925 873 2010 erit,
905 1941 938 1991 et
964 1948 1048 2012 pena
1071 1928 1156 1992 beati

136 2032 139 2039 ’
174 2051 238 2095 non
268 2048 317 2096 est
344 2031 454 2113 modo,
477 2051 545 2094 nec
571 2045 680 2116 potest
706 2031 879 2103 subiectari
909 2032 941 2096 in
966 2050 1005 2096 eo
1036 2033 1088 2096 cui
1120 2031 1157 2098 fit

174 2136 387 2220 indulgencia.
412 2136 548 2200 Videtur
566 2137 707 2222 insuper,
730 2157 805 2201 cum
828 2158 910 2222 pena
933 2150 964 2202 et
986 2153 1156 2223 peccatum

173 2260 242 2305 sese
274 2241 529 2326 inseparabiliter
562 2256 815 2328 consequuntur,
851 2242 908 2327 qui
941 2241 1076 2307 dimittit
1107 2244 1157 2306 vel

174 2345 294 2410 relaxat
316 2366 417 2409 unum
448 2347 567 2412 relaxat
598 2361 632 2411 ct
653 2346 825 2432 reliquum,
856 2360 892 2412 ut
919 2347 975 2432 qui
998 2347 1157 2431 extinguit
1170 2349 1199 2403 ¹⁵

127 2470 139 2504 ι
173 2450 386 2516 risibssitatem
413 2451 568 2537 extinguit
591 2452 842 2536 humanitatem;
865 2473 940 2517 curu
973 2473 1050 2537 ergo
1074 2472 1157 2538 papa

127 2555 330 2675 psextinguit
351 2576 468 2640 penam
505 2557 662 2641 extinguit
684 2572 717 2623 et
743 2571 923 2644 peccatum,
956 2558 1033 2644 quia
1065 2559 1158 2623 aliter

174 2674 353 2724 remaneret
389 2674 556 2745 peccatum
596 2663 712 2747 ineque
751 2664 900 2747 punitum
942 2664 990 2727 vel
1028 2665 1157 2749 penitus

173 2764 369 2848 inpunitum,
393 2765 443 2828 vel
459 2767 549 2830 aliter
564 2767 644 2831 dans
660 2767 896 2851 indulgenciam
919 2769 1047 2854 supplet
1064 2768 1154 2834 satis·

174 2870 363 2950 laccionem,
387 2871 475 2955 quod
492 2892 556 2935 non
573 2871 691 2935 laceret
715 2872 775 2935 nisi
791 2874 968 2938 secundum
992 2873 1154 2938 racionem
1168 2886 1201 2924 ²0

174 2975 291 3056 meriti,
319 2988 350 3038 et
373 2975 418 3038 sic
440 2990 606 3059 oporteret
628 2996 760 3041 ornnem
789 2977 1007 3062 indulgentem
1032 3000 1102 3043 esse
1124 2980 1156 3043 in

173 3079 290 3162 gracia,
314 3079 396 3142 sicut
412 3094 538 3161 oportet
556 3101 685 3143 omnem
704 3082 755 3144 cui
779 3081 858 3146 lacta
884 3098 931 3146 est
952 3084 1154 3167 indulgencia

127 3188 164 3286 ³lp¹
174 3169 263 3267 'quod
276 3184 362 3267 leges
373 3183 575 3266 impugnant.
594 3185 665 3247 Alie
676 3201 785 3250 autem
799 3202 872 3251 sunt
882 3188 1157 3252 considerationes

127 3311 136 3336 ²·
174 3289 212 3350 de
246 3289 527 3353 irrationabilitate
564 3291 671 3371 legum
707 3292 990 3375 multiplicatarum
1028 3293 1059 3356 in
1097 3294 1154 3357 ista

174 3393 319 3473 materia,
353 3408 389 3457 ut
420 3407 548 3456 centum
572 3395 714 3478 episcopi
747 3396 780 3458 in
811 3397 938 3479 dyocesi
973 3398 1057 3460 Petri
1091 3395 1198 3461 non²5

174 3495 340 3562 sufficiunt
376 3499 549 3561 concedere
581 3499 683 3561 Paulo
716 3500 755 3562 de
791 3500 937 3585 dyoecesi
974 3502 1059 3564 Petri
1095 3502 1156 3566 nisi

174 3602 303 3666 eosdem
321 3602 530 3687 quadraginta
554 3602 621 3664 dies
641 3622 723 3685 quos
739 3604 851 3668 Petrus
867 3605 1057 3669 diocesanus
1081 3626 1155 3670 con·

175 3708 269 3787 cedit,
299 3707 374 3790 quia
402 3708 493 3771 aliter
515 3708 566 3791 (ut
589 3705 755 3794 inquiunt)
785 3707 888 3774 lorent
915 3710 1156 3776 iurisdicciones

174 3812 342 3895 permixte,
374 3827 404 3875 et
432 3810 567 3894 quilibet
600 3812 772 3896 episcopus
804 3812 934 3877 haberet
961 3829 1155 3898 potestatem

173 3935 270 3999 super
299 3916 431 3977 totalem
459 3916 624 3978 ecclesiam
653 3916 735 3980 sicut
763 3933 861 4000 papa;
895 3919 949 3981 sed
981 3908 1082 3981 Paulo
1106 3917 1201 3982 tra-³0

173 4033 269 4102 gante
300 4040 358 4102 per
389 4020 458 4083 illos
491 4034 620 4083 centum
654 4022 857 4105 episcopatus
894 4035 926 4085 et
961 4022 1157 4088 deteriorato

174 4124 324 4186 continue
341 4124 425 4207 apud
447 4124 551 4186 Deum
569 4140 785 4190 accrescerent
799 4126 857 4190 sibi
882 4128 920 4190 de
943 4128 1156 4212 quadraginta

173 4228 286 4292 diebus
299 4249 372 4292 cum
383 4229 448 4292 suis
460 4225 733 4294 ratificacionibus
755 4245 894 4315 quatuor
910 4233 1008 4297 millia
1019 4234 1156 4297 dierum.

214 4462 230 4495 r.
245 4464 304 4509 quer
314 4455 473 4509 superfluum
485 4462 558 4499 recter
568 4455 623 4512 qula
633 4454 686 4499 dats
697 4466 757 4515 pens
767 4468 813 4502 nos
823 4457 915 4504 rldetur
923 4459 996 4516 quod.
1050 4460 1073 4506 6.
1084 4462 1153 4519 Mn

174 4523 319 4578 quamslter.
334 4525 356 4568 Α
371 4524 396 4568 lu
411 4537 491 4580 marga
512 4524 587 4571 sllter.
678 4530 712 4571 sb.
726 4527 896 4584 rlslbllltstem3
910 4528 1157 4588 racionabllltatemll)

173 4589 203 4635 lta
217 4591 287 4636 codd.
386 4595 619 4653 17.Allrextlgalt.
725 4597 987 4649 abllrluredleelous·
1068 4599 1154 4649 lobs

173 4660 242 4707 debet
256 4661 337 4710 Paula.
