3262 5226
254 459 384 556 cest]
628 475 870 532 ossonensis.
1410 480 1454 545 99

175 659 245 714 ns
296 642 416 705 Dicitur
438 638 579 703 secundo
600 636 688 721 quod
711 647 841 719 propter
862 630 1136 716 elongacionema
1159 642 1456 743 resumptum

183 747 380 830 142·ecclesia
402 759 433 809 et
454 745 494 807 ab
518 739 721 805 irradiatione
742 736 873 802 luminis
895 735 1036 821 capitalis
1055 734 1456 862 sffquessoefltmtllffigg

252 865 380 938 putetur
400 846 564 913 ecclesium
588 842 704 909 Christi
720 864 787 906 esse
802 839 989 907 continuam
1002 842 1110 928 quoad
1124 842 1232 906 locum
1252 853 1440 952 &limga

254 969 285 1021 et
306 969 442 1038 tempus,
466 952 547 1015 dum
569 962 674 1013 tamen
698 949 839 1012 membru
862 945 978 1010 Christi
994 961 1026 1010 et
1047 968 1164 1033 sponse
1178 967 1236 1033 per
1263 956 1309 1055 11κ
1302 955 1438 1057 omre

228 1058 422 1126 §vacuitates
437 1051 717 1142 predestinationis
733 1066 764 1118 et
778 1050 884 1138 operis
898 1066 1036 1118 rarenter
1044 1067 1118 1118 sunt
1128 1052 1235 1140 positi.

252 1164 344 1229 Multi
367 1161 453 1225 enim
475 1171 590 1245 putant
616 1171 722 1222 totum
749 1158 910 1244 populum
936 1172 967 1224 et
998 1171 1104 1224 totum
1135 1179 1237 1244 genus

252 1268 310 1332 sibi
333 1262 576 1332 succedencium
598 1283 665 1327 esse
687 1262 873 1327 christianos
895 1261 1076 1327 verissimos
1099 1276 1131 1328 et
1151 1262 1236 1348 capi*

252 1364 329 1440 tales
352 1370 519 1456 precipuos
546 1367 580 1431 in
607 1386 678 1431 area
708 1381 815 1432 sancte
846 1366 954 1432 matris
988 1366 1130 1451 ecclesie,
1161 1376 1238 1433 cum

253 1492 357 1542 tamen
380 1489 455 1540 sunt
476 1471 649 1537 vacuitates
671 1486 703 1537 et
724 1472 867 1537 membra
889 1471 1017 1536 diaboli.
1039 1471 1129 1559 Sicut
1151 1473 1238 1538 enim

214 1582 338 1646 roiuxta
360 1579 517 1644 naturales
540 1589 571 1641 et
593 1575 805 1661 perspectivos
827 1574 937 1640 ridens
952 1577 1064 1642 silvam
1085 1577 1136 1643 vel
1150 1597 1237 1643 cam·

254 1706 332 1771 pum
354 1698 497 1770 segetum
525 1703 545 1746 1
574 1679 753 1766 longinquo
784 1679 902 1746 iudicat
928 1694 1035 1747 totum
1061 1701 1129 1746 esse
1159 1703 1237 1748 con·

253 1790 380 1855 tinuum
416 1786 579 1853 consitum
610 1785 774 1850 arboribus
804 1785 855 1850 vel
886 1784 1058 1870 immento,
1101 1785 1145 1852 sic
1178 1808 1239 1852 nos

254 1893 422 1980 inperfecta
445 1891 508 1957 fide
529 1891 688 1955 videntes'
705 1890 870 1955 ecclesiam
900 1912 918 1955 a
950 1891 1140 1978 longinquo,
1172 1912 1238 1956 non

255 2001 397 2064 obstante
419 1998 508 2083 quod
530 1995 645 2060 habeat
664 1995 698 2058 in
712 2016 746 2059 se
757 1995 884 2059 arbusta
899 1995 1013 2060 sterilia
1023 2009 1119 2082 atque
1133 1993 1237 2062 mma-

216 2114 244 2167 15
256 2104 316 2183 nia,
339 2103 516 2167 iudicamus
533 2121 605 2164 eam
616 2101 745 2186 plenam
760 2080 930 2164 irusstuosis
946 2100 1109 2166 arboribus
1125 2116 1157 2167 et
1172 2100 1237 2166 iru-
1316 2095 1323 2106 ⁰

254 2223 373 2274 mento.
405 2208 446 2271 Et
479 2207 519 2270 ad
550 2205 649 2270 istum
680 2225 810 2269 sensum
841 2205 973 2290 exponit
1005 2204 1240 2271 lincolniensis
1286 2288 1289 2293 Ι

255 2311 458 2398 propheciam
470 2310 686 2377 Micheevtr:
702 2308 754 2394 Ve,
766 2310 880 2396 inquit,
898 2321 991 2376 tanta
1006 2310 1241 2377 christianismi

254 2418 413 2498 dilatocio,
442 2426 533 2479 tauto
563 2435 661 2499 opere
696 2415 816 2480 Osristi
847 2425 880 2481 et
910 2437 1044 2481 suorum
1079 2417 1239 2483 mediante

255 2525 326 2608 lege
351 2521 515 2604 scripture
548 2521 727 2598 eleborata,
759 2531 807 2587 est
826 2521 919 2586 lindie
951 2524 1038 2587 reiut
1066 2524 1099 2586 in
1135 2522 1241 2588 breuis

92 2630 97 2651 ¹
214 2628 369 2713 ananguii
390 2628 546 2712 angustio
575 2636 731 2692 coartata.
758 2627 939 2692 Plurimum
964 2646 1104 2713 namque
1126 2625 1241 2691 mundi

95 2720 99 2727 ’
250 2742 378 2815 partem
396 2733 566 2814 occupavit
581 2729 757 2814 irpidetitas
772 2741 802 2795 et
817 2752 837 2795 a
854 2732 977 2797 Christi
991 2731 1130 2798 ecclesia
1143 2749 1240 2816 sepa·

255 2840 355 2914 rovit;
366 2838 596 2920 deportavere
606 2835 692 2899 dicto
707 2835 887 2902 christiana
899 2838 1068 2922 separarit
1082 2857 1103 2900 a
1118 2835 1241 2901 Clsristo

254 2944 384 3018 scisma,
406 2942 446 3005 de
463 2951 564 3024 perte
587 2960 665 3006 vero
688 2941 902 3029 residuaque
925 2952 1073 3026 respectu
1096 2941 1241 3006 duarum

93 3116 103 3143 ν,
250 3047 557 3130 prenominatorum
583 3046 757 3108 admodum
781 3056 830 3112 est
854 3057 1021 3132 porroet
1048 3065 1163 3133 pauca
1193 3042 1243 3132 (ut

96 3152 103 3235 s
215 3149 348 3239 aiputo)
370 3172 435 3215 non
458 3151 619 3215 modicam
645 3153 836 3234 porcionem
870 3153 1037 3236 separarit
1066 3172 1087 3215 a
1113 3150 1243 3215 Christo

96 3242 102 3255 ’
252 3260 401 3339 pravitas
415 3257 566 3337 heretica,
583 3258 678 3342 quasi
692 3266 801 3321 autem
818 3258 1008 3322 totalitatem
1025 3255 1151 3321 residui
1165 3275 1243 3320 corr·

258 3371 475 3444 corporarurrt
498 3360 632 3424 diabolo
654 3372 685 3426 et
706 3371 945 3445 separarunta
969 3362 1101 3426 Christo
1121 3370 1242 3446 septem

258 3463 441 3528 criminalia
469 3476 620 3548 peccata,
652 3477 687 3531 ut
719 3467 783 3531 iam
819 3486 894 3532 voce
933 3467 1244 3554 lugubri-plangat

100 3641 105 3655 Ι,
263 3568 409 3633 Christus
437 3568 564 3635 dicens:
603 3569 646 3633 Ve
668 3572 745 3635 milri
766 3571 975 3657 quiefactus
996 3591 1067 3636 sum
1089 3571 1245 3655 sicutque·

100 3664 107 3763 2
217 3670 250 3723 ³0
258 3672 379 3757 colligit
389 3674 423 3736 in
432 3686 610 3758 autumpno
621 3695 767 3741 racemos
777 3676 1015 3759 vindemiemus
1026 3686 1071 3741 est
1080 3677 1193 3741 botrus
1201 3673 1246 3739 ad
1302 3659 1308 3673 ⁸

100 3770 105 3779 '
259 3777 499 3844 comedendum.
527 3779 614 3844 Uvas
624 3783 794 3863 preciosas
817 3780 1014 3847 desiderarit
1027 3782 1139 3847 anima
1155 3793 1245 3858 meo3

95 4024 103 4041 ‚
296 3991 313 4025 1.
328 3981 350 4026 Α
366 3980 390 4025 la
408 3993 495 4038 merga
513 3982 576 4029 Note
589 3996 662 4043 quere
679 3985 793 4032 lndtetnm
815 3994 921 4032 nostmm
943 3993 1005 4032 erret
1025 3987 1088 4033 eires
1110 3985 1243 4033 eeclesiam.

100 4052 103 4057 '
140 4071 143 4076 ·
259 4049 350 4102 (Abone
364 4059 414 4102 141·
431 4052 529 4099 without
543 4055 609 4099 mark
622 4055 650 4100 ot
661 4055 798 4109 reference.)
869 4069 887 4103 1.
901 4054 922 4100 ³.
938 4057 969 4104 Br
983 4068 997 4103 a
1011 4070 1067 4105 1111
1079 4081 1106 4092 ·-
1119 4055 1243 4102 eecleslere

87 4120 103 4145 '¹
259 4118 330 4164 deest.
371 4120 448 4167 16.Α.
463 4122 487 4167 tn
502 4125 787 4181 1111111111111111111111.
824 4128 890 4183 111
905 4127 929 4174 ln
943 4139 1032 4185 maren
1046 4126 1150 4174 Ecclesia
1164 4137 1245 4173 staua

258 4188 370 4235 csttrollca
384 4199 496 4249 quantum
510 4193 541 4238 sit
554 4201 635 4240 111111.
719 4196 754 4242 18.
768 4195 795 4242 ln
809 4196 892 4241 ceddo
908 4196 997 4243 nette.
1063 4197 1089 4243 ln
1104 4197 1189 4243 oodd.s
1202 4195 1245 4256 qul

258 4255 342 4305 tectus.
446 4274 479 4308 aa.
495 4261 588 4309 Coddcr
604 4275 669 4310 sero.
758 4262 912 4312 inbellem
926 4274 1079 4326 preteream
1094 4265 1243 4313 desiderarit.

303 4434 343 4490 ²9·
361 4420 484 4491 trophea
504 4421 638 4475 Michaeas
659 4423 714 4490 Vll,
736 4443 757 4487 1,
775 4439 800 4478 s.

1115 4509 1150 4582 70
