3262 5226
488 691 658 748 Jouanrus
676 692 821 746 wucnrr.
968 669 1049 763 [car.
1063 686 1146 734 xxm.

164 846 288 911 sionem
313 850 339 912 ai
368 849 485 934 dignus
502 849 598 914 luerit
622 863 655 912 et
682 849 797 914 habilis
819 852 859 912 ad
882 862 1004 913 tantam
1023 849 1260 917 veniam2oo⁴1e

163 951 272 1034 quoad
298 954 413 1037 Deum,
437 968 469 1017 et
491 955 584 1018 aliter
607 954 738 1018 indubie
760 967 892 1038 propter
908 954 1145 1018 concessionem

166 1055 254 1119 Petri
277 1056 387 1122 vicarii
413 1079 477 1123 non
501 1059 634 1123 habebit
655 1059 856 1142 indulgencie
876 1058 948 1143 plus
964 1059 1015 1122 vel
1030 1059 1146 1121 minus.
1255 1047 1259 1057 ’

165 1159 286 1225 Ymmo
309 1162 438 1228 videtur
460 1164 548 1248 quod
572 1164 644 1228 talis
668 1177 852 1248 arroganter
867 1183 1056 1248 presumens
1072 1163 1148 1225 dare

165 1267 246 1331 tales
270 1266 489 1351 indulgencias
513 1289 577 1331 non
602 1269 644 1332 sit
667 1280 856 1353 procurator
877 1269 1023 1343 idoneus,
1047 1280 1083 1330 ut
1106 1266 1174 1335 adi

165 1370 215 1434 sui
232 1371 425 1454 peticionem
442 1373 529 1436 Deus
545 1374 588 1437 sit
603 1373 740 1437 debitori
758 1373 858 1455 magis
881 1372 1057 1459 propicius,
1073 1371 1148 1456 quia

166 1477 199 1538 in
220 1497 252 1539 re
268 1477 418 1540 concedit
432 1497 543 1540 servus
560 1478 633 1557 Dei,
650 1497 725 1562 sepe
741 1477 801 1542 sibi
817 1478 948 1542 odibilis
963 1497 1002 1541 ex
1016 1489 1150 1561 peccato

166 1580 255 1665 quod
276 1582 365 1644 Deus
387 1580 568 1664 indulgebit
589 1601 651 1646 suo
673 1581 787 1646 affecto
810 1581 1002 1646 remittendo
1023 1581 1149 1664 culpam

168 1700 200 1747 et
232 1686 404 1748 relaxando
437 1706 565 1770 penam.
612 1685 675 1750 Sed
712 1687 876 1770 quomodo
915 1686 1032 1750 laceret
1064 1686 1150 1748 Deua

169 1789 419 1853 misericordiam
437 1789 477 1851 ad
492 1803 557 1853 tam
574 1789 773 1854 lucilerinam
790 1803 901 1855 ettam
918 1789 1149 1854 infundabilem
1163 1819 1194 1855 ιο

167 1895 408 1957 concessionem
428 1895 524 1957 unius
543 1895 627 1958 servi
648 1908 714 1960 tam
734 1889 876 1978 indigni?
897 1895 1021 1958 Revera
1037 1895 1150 1958 melius

169 1998 254 2062 loret
284 1999 373 2084 quod
401 1999 451 2082 vel
479 2001 608 2064 doceret
645 2000 678 2064 in
700 1999 761 2063 boc
783 2000 933 2064 vicariam
958 2014 1150 2084 potestatem

119 2130 130 2163 r
171 2105 222 2168 vel
239 2117 362 2167 teneret
378 2123 411 2167 se
427 2105 459 2167 in
475 2103 633 2168 limitibus
649 2105 750 2169 sancti
762 2105 854 2168 Petri.
873 2103 921 2167 De
932 2105 1027 2167 Petro
1042 2118 1150 2167 autem

119 2170 235 2286 {laon
275 2208 348 2291 plus
390 2208 551 2292 sequitur:
602 2207 824 2293 Quodcunque
859 2208 1013 2294 ligaveris
1053 2228 1153 2293 super

119 2277 158 2383 pn
170 2322 293 2375 terram
331 2313 391 2376 erit
419 2313 556 2398 ligatum
585 2314 671 2376 etin
695 2314 773 2391 celo,
797 2332 874 2397 ergo
898 2314 1012 2376 Petrus
1039 2313 1195 2378 habuitrs

170 2429 364 2501 potestatem
384 2416 423 2479 ad
447 2417 551 2481 taliter
574 2418 782 2482 relaxandum
804 2438 902 2502 penas
927 2432 992 2483 tam
1016 2418 1048 2482 in
1071 2419 1153 2483 vivis

171 2541 270 2605 quarn
306 2521 441 2585 mortuis
473 2521 504 2584 in
538 2523 729 2606 purgatorio
760 2523 809 2586 vel
837 2522 1031 2607 dampnatis,
1053 2542 1151 2606 quam

172 2625 333 2709 sequitur:
372 2624 521 2689 Christus
563 2626 654 2690 dedit
691 2628 788 2690 Petro
829 2627 916 2691 illam
959 2639 1151 2710 potestatem

171 2729 291 2813 ligandi
315 2744 347 2794 et
369 2730 525 2810 solvendi,
542 2749 620 2813 ergo
635 2731 662 2793 si
679 2731 792 2794 Petrus
815 2731 969 2796 voluisset
989 2730 1153 2814 insurgere

172 2849 283 2899 contra
295 2834 461 2898 Christum
479 2849 510 2898 et
525 2837 670 2897 membra
686 2855 755 2914 sua,
777 2836 1082 2900 excommunicando
1099 2857 1153 2901 eos
1165 2861 1198 2898 ao

174 2955 206 3002 et
230 2940 322 3022 plene
346 2930 542 3021 indulgendo
565 2940 720 3003 membris
743 2938 881 3023 dyaboli,
904 2959 981 3024 ergo
1010 2943 1155 3026 oportuit

176 3042 274 3105 luisse
302 3043 334 3104 in
362 3043 430 3105 celo
458 3043 543 3126 apud
567 3044 671 3105 Deum
697 3044 802 3106 taliter
828 3043 1015 3109 diffinitum.
1062 3046 1155 3110 Unde

175 3168 288 3210 omnes
324 3146 431 3210 fideles
464 3148 646 3210 concedunt
670 3150 759 3231 quod
782 3149 886 3211 omnis
910 3162 1052 3231 potestas
1081 3170 1155 3214 con·

176 3272 263 3314 cessa
282 3253 378 3314 Petro
402 3252 450 3314 vel
474 3252 541 3314 eius
566 3253 688 3315 vicario
712 3253 845 3315 limitata
869 3256 1026 3338 estquod
1051 3256 1156 3319 humi·
1245 3270 1247 3273 ’

176 3358 249 3418 liter
273 3371 305 3418 et
329 3356 537 3419 conformiter
558 3370 670 3439 pareat
695 3357 778 3438 Deo;
804 3379 840 3420 ex
862 3359 956 3421 cuius
984 3359 1155 3422 conformi·
1169 3367 1200 3421 25

176 3475 242 3523 tate
278 3460 362 3544 capit
386 3461 425 3522 de
448 3473 538 3523 tanto
561 3461 713 3524 virtutem
743 3478 774 3526 et
803 3482 839 3524 ex
862 3463 931 3525 eius
955 3464 1157 3528 deformitate

178 3565 264 3647 capit
294 3579 363 3627 tam
395 3565 578 3649 prepositus
611 3585 709 3648 quam
733 3567 894 3630 subiectus
923 3568 1157 3631 seduccionem.

119 3692 165 3764 ,ew
180 3670 221 3731 Et
248 3670 306 3732 bec
331 3670 416 3732 racio
440 3689 539 3752 quare
565 3671 679 3733 Petrus
705 3685 734 3732 et
758 3670 809 3731 alii
833 3670 986 3732 divinitus
1014 3673 1159 3754 inspirati

119 3767 141 3831 i.
180 3794 244 3836 non
278 3773 522 3855 magnificarunt
553 3788 745 3857 potestatem
786 3794 874 3836 suam
921 3774 1003 3836 ultra
1044 3776 1161 3840 limites

179 3899 262 3962 quos
287 3879 374 3940 Deus
398 3877 548 3958 instituit,
574 3879 630 3940 sed
654 3879 775 3962 precise
792 3877 830 3939 ad
848 3891 974 3940 tantum
998 3878 1161 3943 solverunt
1171 3889 1205 3940 30
1272 3923 1275 3929 -

181 3998 211 4045 et
236 3984 376 4064 ligarunt
413 3982 453 4045 ad
486 3998 645 4065 quantum
678 3983 763 4045 docti
795 3995 870 4045 sunt
898 3983 1004 4045 Deum
1039 3984 1161 4047 solvere

181 4089 232 4150 vel
270 4089 379 4169 ligare.
420 4087 455 4150 ln
500 4085 660 4168 ambiguis
694 4107 770 4149 vero
807 4089 856 4147 vel
894 4086 1237 4165 tacuerunt'velsor

182 4192 405 4266 condicionem
435 4192 612 4253 secundum
641 4210 740 4274 quam
763 4203 890 4274 oportet
914 4192 1019 4255 Deurn
1046 4192 1162 4276 princi·
1195 4277 1197 4282 ⁴

227 4380 263 4424 26.
278 4380 309 4424 ur
324 4385 346 4423 et
360 4380 419 4423 elna.
525 4379 559 4425 30.
575 4379 694 4423 solverant
709 4378 732 4424 ln
746 4378 814 4423 codd.

232 4521 270 4573 13.
301 4521 340 4574 Cl.
373 4522 437 4572 Hua.
467 4522 601 4573 Adversus
631 4520 811 4590 indulgentias
838 4523 945 4590 papales
973 4523 1044 4591 Opp.
1071 4522 1090 4584 l,
1119 4520 1166 4572 iol.

185 4605 349 4659 CLXXXVI*
