3262 5226
710 325 1043 381 ronanurswrcrrr.
1229 309 1361 403 [annm.

381 483 570 548 medicinam
608 483 759 568 apposuit
796 483 942 549 Christus
978 485 1027 548 vel
1064 485 1181 550 obtulit
1218 485 1362 553 humano
1374 506 1477 562 1362!

383 587 498 672 generi,
531 587 622 652 cuius
653 588 788 673 septime
819 609 892 673 pars
924 608 1091 674 nunquam
1118 592 1257 676 suscepit
1278 613 1361 675 eam,

381 693 461 758 sicut
482 713 607 777 semper
627 690 769 757 infideles
790 714 873 778 quos
888 693 1030 758 Christus
1044 694 1121 759 dicit
1133 694 1204 759 Joh.
1221 695 1288 777 1110,
1313 697 1361 775 18,

382 800 447 861 iam
482 797 653 877 iudicatos,
691 810 722 860 et
758 796 829 861 illos
861 797 936 862 dicit
965 812 1091 863 sanctus
1122 799 1267 864 Thomas
1294 822 1362 865 esse

160 920 373 969 οιικηωοεῑνοῐι
382 903 523 966 membra
545 900 659 965 Christi
683 900 715 963 in
735 901 891 986 potencia,
915 923 981 966 non
1003 903 1035 966 in
1059 913 1142 969 actu.
1165 904 1229 968 Alii
1252 918 1388 979 autems

160 976 374 1074 iffitii'ioiiiiiir
382 1006 537 1091 recipiunt
552 1005 741 1070 medicinam
756 1006 811 1069 sed
827 1003 961 1070 finaliter
975 1007 1157 1090 recidivant,
1172 1024 1208 1072 ut
1225 1008 1360 1092 presciti.

186 1082 346 1179 stiffi„
384 1110 487 1175 Tercii
524 1130 600 1174 vero
631 1125 817 1194 recepemnt
848 1111 1039 1175 medicinam
1070 1127 1102 1177 et
1134 1127 1208 1197 post
1234 1114 1363 1198 lapsum

160 1185 372 1233 Theionrthelass
832 1212 840 1227 .

161 1236 370 1285 meveantur
380 1216 420 1278 ad
431 1229 573 1279 sanctam
586 1227 721 1277 matrem
732 1213 894 1278 ecclesiam
910 1230 1117 1297 revertuntur,
1131 1230 1167 1278 ut
1181 1233 1363 1300 peccatores

234 1299 260 1336 ¹⁰
273 1290 298 1335 ἢ
379 1317 589 1404 predestinati.
633 1318 745 1395 Quarti
775 1319 895 1404 quippe
931 1333 1081 1383 sanantur
1112 1320 1226 1384 virtute
1257 1321 1361 1387 meriti

381 1423 497 1488 Christi
519 1442 578 1485 nec
602 1442 746 1506 unquam
768 1436 842 1506 post
862 1421 1007 1486 incidunt
1028 1422 1062 1485 in
1084 1424 1226 1488 mortale
1375 1461 1406 1498 ,ο

160 1553 244 1600 cm„
259 1551 370 1616 iuneti·
422 1527 463 1591 Et
485 1527 528 1590 sic
549 1546 621 1590 vere
644 1525 719 1590 dicit
740 1526 904 1611 apostolus
926 1528 1014 1610 quod
1044 1527 1193 1591 Christus
1220 1538 1267 1592 est
1291 1529 1398 1593 sal-N

159 1607 473 1704 li'asshisiiffih‘varor
498 1632 640 1696 maxime
650 1630 805 1715 fidelium
828 1631 861 1693 in
884 1630 980 1694 tercio
1002 1644 1033 1695 et
1055 1647 1170 1714 quarto
1196 1634 1306 1716 gradu,
1330 1638 1384 1697 ett

186 1709 267 1756 Μ
280 1710 349 1755 ‘¹⁸⁸‘
379 1736 422 1800 sic
436 1735 617 1820 intelligunt
631 1734 763 1819 quidam
778 1734 899 1798 dictum
914 1735 1051 1818 apostoli
1069 1736 1080 1798 1
1095 1737 1136 1798 ad
1148 1736 1362 1802 Thimoteum

378 1842 432 1922 ll0,
453 1860 486 1923 4,
508 1840 622 1905 directe
653 1841 694 1903 ad
724 1839 872 1920 litteram,
909 1840 996 1924 quod
1028 1840 1121 1905 Deus
1152 1843 1221 1906 vult
1251 1861 1363 1907 omnes

378 1947 521 2010 homines
541 1946 650 2009 salvos
660 1944 754 2029 steri.
1374 1971 1404 2025 ,5

165 2077 360 2124 ans-usaue
422 2052 474 2114 Ad
504 2049 679 2114 secundum
713 2049 874 2113 obiectum
906 2069 943 2112 ea
977 2049 1063 2113 dicto
1094 2049 1175 2113 beati
1206 2051 1390 2128 Johannisg

169 2128 363 2244 {uffi‘ciiio
380 2168 426 2218 est
452 2155 563 2219 eadem
589 2153 758 2219 sentencia.
786 2152 930 2217 Christus
957 2153 1042 2216 enim
1065 2168 1111 2218 est
1133 2156 1242 2239 quoad
1269 2153 1360 2218 suffi-

161 2233 535 2384 „isfnihh‘i‘lhcienciam
557 2257 761 2344 propiciatio,
790 2256 851 2320 hoc
878 2272 936 2340 est,
968 2257 1109 2322 medicus
1130 2259 1181 2323 vel
1203 2258 1362 2323 medicina

173 2337 358 2437 §.23:222ss
382 2362 585 2448 pmpiciativa
607 2361 710 2425 tocius
733 2361 864 2425 humani
891 2363 1024 2446 generis,
1046 2365 1136 2448 quod
1160 2363 1256 2429 habet
1278 2365 1361 2428 ultra

160 2444 372 2557 „ffiffi'ssw
382 2467 544 2530 diabolum
567 2480 641 2550 post
663 2466 789 2530 ruinam
814 2468 1001 2551 angelorum
1027 2467 1203 2532 libertatem
1230 2469 1360 2551 arbitrii,
1371 2507 1406 2545 ,ο

184 2547 346 2602 “mm'‘
382 2584 418 2634 ut
447 2571 593 2651 salvetur,
624 2591 699 2635 curn
730 2584 836 2636 toturn
868 2592 968 2657 genus
995 2572 1175 2637 humanum
1198 2573 1238 2638 sit
1258 2574 1361 2638 homo

381 2675 512 2760 quidam
547 2675 603 2760 qui
639 2676 859 2740 descendendo
890 2678 930 2740 ab
959 2678 1132 2741 Jerusalem
1167 2677 1200 2741 in
1236 2678 1360 2743 Jericho

380 2779 489 2843 incidit
523 2780 556 2842 in
589 2780 743 2861 latrones;
780 2780 835 2864 qui
872 2780 998 2844 relictus
1040 2783 1217 2846 secundum
1254 2797 1361 2847 totum

380 2883 549 2947 semivivus
571 2905 609 2948 ex
630 2884 733 2968 gracia
749 2885 935 2948 Samaritani
957 2884 1067 2949 habuit
1090 2886 1279 2950 medicinam
1296 2887 1360 2950 dis·

381 2988 517 3072 positam
539 3003 570 3051 et
592 2988 753 3052 ministros
775 2990 917 3053 mercede
940 3004 970 3053 et
994 2989 1204 3054 instmccione
1224 2991 1360 3077 duplicis
1372 3011 1404 3065 25

157 3124 199 3167 w
213 3122 270 3180 ne,
284 3092 556 3184 „mtestamenti
572 3093 703 3176 provide
719 3093 944 3177 dispensantes,
965 3095 1140 3158 secundum
1156 3117 1253 3180 quam
1273 3111 1360 3160 totus

157 3174 249 3219 “⁶⁰⁰‘'
270 3172 331 3284 '²¹2¹'
347 3186 370 3218 '⁰
379 3198 431 3261 ille
452 3197 553 3261 homo
575 3197 675 3260 sanari
705 3198 829 3282 poterit.
853 3199 915 3262 Sed
940 3213 1042 3282 preter
1071 3199 1163 3262 illum
1194 3201 1361 3265 hominem

380 3303 554 3366 naturalem
573 3316 700 3386 oportet
724 3305 899 3368 secundum
923 3304 1027 3367 Adam
1046 3324 1194 3388 generare
1213 3305 1360 3388 spiritua·

379 3408 447 3470 liter
478 3427 575 3470 unam
604 3407 847 3490 generacionem
877 3406 974 3491 priori
1005 3408 1194 3490 permixtam
1222 3430 1285 3493 que
1313 3424 1361 3474 est

379 3525 484 3574 sancta
505 3526 606 3574 mater
628 3512 766 3576 ecclesia
790 3513 831 3576 Et
851 3512 884 3575 in
912 3512 968 3575 illo
1001 3533 1134 3596 corpore
1161 3527 1235 3577 sunt
1261 3513 1360 3600 aliqui
1371 3534 1405 3586 30

378 3636 448 3679 vere
468 3616 609 3678 membra
628 3630 664 3680 ut
684 3616 896 3701 predestinati,
916 3631 1024 3700 quarte
1047 3617 1215 3699 digestioni
1237 3617 1361 3680 assimi-

378 3719 443 3801 lati,
476 3721 540 3784 sive
571 3722 634 3785 sint
664 3722 705 3785 ad
739 3736 866 3806 tempus
897 3721 1065 3785 discrasiati
1098 3734 1134 3785 ut
1163 3722 1256 3806 lapsi,
1294 3721 1361 3785 sive

420 3905 440 3951 3.
455 3904 474 3950 Β
488 3906 511 3951 la
525 3918 613 3964 marga
625 3907 679 3952 loh.
693 3907 731 3953 111.
800 3921 832 3964 14.
847 3906 864 3952 Β
879 3907 903 3952 in
918 3920 1003 3965 marus
1018 3906 1081 3954 Dens
1094 3908 1144 3955 vult
1156 3920 1241 3954 omnes
1254 3907 1363 3952 homines

379 3975 457 4020 sdsos
470 3975 528 4022 herl.
630 3976 662 4021 18,
677 3977 694 4022 B
710 3978 734 4022 ln
749 3989 834 4034 marga
848 3976 984 4023 Humanum
998 3989 1071 4034 genas
1085 3979 1143 4024 ultra
1158 3977 1278 4024 diabolum
1293 3978 1365 4024 habet

378 4044 508 4091 libertatem
520 4045 617 4093 arbitrii.
716 4044 783 4093 inlu
797 4048 877 4093 cedda
891 4047 975 4106 quarti.
1068 4046 1103 4095 3².
1117 4049 1147 4094 Be
1162 4047 1292 4094 distrahstl.
1305 4046 1324 4091 B
1338 4046 1363 4095 ln

380 4125 466 4169 marma
481 4113 632 4171 Quadmplex
646 4116 746 4174 digestio
759 4117 824 4176 prius
837 4117 935 4163 habetur
948 4130 1000 4176 cap.
1014 4119 1093 4176 primo
1106 4119 1176 4164 huius
1189 4126 1308 4164 tractatas.

423 4253 705 4327 nappis&
