3262 5226
700 374 870 429 rottauuts
888 374 1035 428 wrctrs.
1221 349 1357 444 [canu.

375 533 521 600 macione
545 534 627 600 abel
653 532 727 600 iusti
755 545 787 597 et
813 531 949 597 aliorum
977 543 1160 596 sanctorum
1187 546 1289 615 usque
1305 530 1477 622 adlusit

375 639 644 721 incarnacionem,
685 649 835 703 manente
873 635 1024 701 continue
1064 635 1176 698 eadem
1217 636 1357 721 despon-

376 744 512 827 sacione,
534 764 609 809 cum
631 741 729 808 Cesar
749 762 876 826 semper
895 746 1061 826 Augustus
1084 739 1235 805 continue
1262 753 1366 827 auget.

157 867 186 912 ra
201 865 241 911 ina
258 865 366 912 laeam-
375 849 495 914 dotem.
510 848 531 895 *
546 849 581 913 ln
602 845 824 911 incarnacione
844 866 920 910 vero
943 844 1017 909 lecit
1039 847 1192 909 secundas
1214 844 1357 929 nupcias,
1371 855 1431 926 ¹4⁵¹

156 918 367 1028 aie-waiam«,
375 953 511 1017 creando
532 951 694 1038 quandam
716 950 857 1034 reginam
872 964 995 1034 partem
1017 949 1121 1015 tocius
1143 950 1271 1014 ecclesie
1294 949 1382 1036 que5

169 1021 358 1120 ffic'si‘n‘i
375 1057 514 1143 quadam
545 1054 739 1142 proprietate
760 1053 876 1119 dicimr
897 1054 1028 1119 ecclesia
1049 1053 1227 1119 christiana
1262 1055 1360 1120 Tunc

171 1135 199 1173 ⁸⁰
215 1127 244 1172 δ’
257 1125 348 1185 Quaen.
375 1161 462 1225 enim
476 1163 541 1225 dux
555 1175 586 1226 et
599 1159 709 1246 legiler
717 1173 824 1225 noster
836 1158 1194 1244 familiariusalloquens
1204 1178 1358 1243 sponsam

376 1286 468 1330 suam
489 1261 548 1353 (ut,
562 1265 637 1329 dicit
659 1264 824 1349 apostolus
841 1265 938 1332 Hebr.
963 1264 1004 1350 1⁰)
1026 1284 1083 1348 per
1098 1262 1358 1348 assumpcionem

250 1442 263 1461 .
376 1369 581 1435 humanitatis
602 1370 724 1435 inducit
745 1390 834 1434 arma
856 1383 964 1434 nostra
985 1382 1016 1433 et
1031 1383 1067 1434 ut
1087 1367 1176 1453 gigas
1198 1370 1358 1453 superavit

375 1474 484 1540 hostes
506 1474 643 1558 ecclesie,
665 1472 824 1539 redimens
846 1489 970 1560 partem
996 1494 1112 1558 sponse
1134 1474 1402 1540 incarceratamso

377 1594 408 1645 et
434 1580 552 1645 docens
578 1578 674 1644 aliam
701 1580 869 1665 quomodo
900 1593 1083 1664 sequeretur
1114 1577 1182 1642 eius
1214 1579 1357 1665 vestigia.

377 1686 469 1752 Unde
500 1698 566 1750 tota
596 1684 738 1757 doctrina
763 1683 934 1749 christiana
960 1698 1021 1750 stat
1052 1683 1085 1749 in
1116 1684 1176 1749 ista
1205 1683 1359 1750 'oracione

376 1789 505 1856 ecclesie
534 1811 598 1876 qua
619 1811 769 1875 rogamus
792 1811 950 1876 sponsum
972 1811 1029 1875 per
1043 1791 1217 1856 adventum
1239 1790 1309 1853 eius
1324 1788 1359 1853 in

376 1915 512 1978 carnem,
544 1907 580 1959 ut
613 1896 726 1961 doceat
755 1915 815 1958 nos
845 1908 966 1960 terrena
1001 1894 1159 1979 despicere
1190 1909 1222 1958 et
1251 1914 1357 1959 amare

209 2022 217 2033 “
305 1989 308 1994 ’
376 1999 509 2064 celestia.
531 1997 708 2083 Despicere,
729 1999 829 2082 idest,
844 1999 877 2062 in
894 1998 1064 2064 affeccione
1083 2012 1286 2083 postponere.
1302 2000 1358 2064 llle
1371 2011 1400 2065 ι5

376 2103 462 2169 enim
488 2104 619 2199 despicit
645 2105 831 2190 temporalia
857 2104 913 2190 qui
939 2126 960 2169 n
989 2124 1116 2168 summa
1147 2104 1221 2168 sede
1251 2103 1358 2169 anime

376 2209 444 2293 ipsa
466 2208 560 2274 abicit
590 2225 622 2274 et
652 2209 726 2276 lacit
760 2210 829 2295 ipsa
854 2209 1026 2275 intencioni
1058 2208 1222 2273 celestium
1252 2207 1357 2274 abiec-

375 2314 496 2379 tissime
526 2313 711 2380 ministrare.
740 2315 782 2379 Et
811 2315 892 2378 bene
925 2313 1008 2378 foret
1040 2313 1100 2378 sibi
1131 2313 1186 2400 qui
1220 2313 1358 2399 perfecte

375 2418 516 2484 didicerit
552 2417 646 2483 istam
677 2419 819 2502 regulam
849 2418 1028 2504 religionis,
1059 2432 1136 2483 tunc
1163 2418 1250 2482 enirn
1277 2416 1359 2483 foret

375 2522 408 2587 in
429 2536 513 2588 recta
534 2521 584 2586 via
606 2523 757 2609 sequendi
780 2544 936 2608 sponsum
963 2538 996 2589 et
1021 2537 1220 2609 assumptam
1245 2523 1401 2589 iuven-so

376 2627 482 2691 culam
502 2626 536 2691 in
559 2647 693 2713 regnum
714 2628 867 2694 celorum.

155 2745 193 2789 Αι
207 2741 246 2786 ua
264 2741 309 2787 lut
328 2741 367 2787 ιὰ
386 2755 392 2769 ’
419 2731 535 2796 Tercio
557 2752 632 2797 vero
654 2732 688 2797 in
711 2732 825 2798 ultimo
848 2735 987 2798 adventu
1003 2733 1095 2798 faciet
1109 2733 1359 2818 agnus-nupcias

156 2801 218 2839 vent
236 2793 276 2838 the
293 2793 367 2839 lamb

157 2845 366 2952 fflffiffl·
376 2850 622 2920 consummatas,
638 2839 823 2903 coronando
839 2853 870 2903 et
885 2838 1103 2904 confirmando
1118 2839 1262 2925 reginam
1276 2839 1383 2904 inte-1

166 2950 353 3048 ffiffiflss‘,
375 2962 464 3026 gram
494 2962 556 3027 que
587 2956 634 3007 est
665 2963 728 3007 una
759 2943 909 3008 columba
940 2957 972 3008 et
1001 2943 1185 3008 universalis
1217 2942 1359 3026 ecclesia,

156 3054 441 3163 '⁵'Lb‘ffgffl‘dnffi
468 3066 540 3130 pars
562 3047 690 3111 alterius
717 3047 846 3112 ecclesie
869 3046 920 3134 (ut
946 3061 1033 3133 patet
1054 3055 1156 3134 Apoc.
1179 3045 1293 3134 xxm).
1318 3051 1360 3114 Et
1370 3056 1401 3110 25

375 3171 471 3237 super
492 3151 551 3216 ista
574 3151 829 3216 consideracione
849 3153 1007 3238 dependet
1029 3174 1144 3238 magna
1159 3173 1231 3237 pars
1246 3172 1359 3217 sensus

376 3257 528 3341 scripture
550 3270 582 3322 et
609 3256 728 3321 servicii
756 3257 894 3325 ecclesie.
929 3259 1013 3322 Nam
1044 3278 1081 3320 ex
1111 3256 1174 3320 fide
1206 3257 1262 3321 erit
1294 3278 1359 3322 una

377 3362 483 3427 totalis
509 3361 638 3426 ecclesia
664 3361 836 3447 glorificata
867 3376 941 3447 post
974 3362 1059 3425 diem
1091 3361 1211 3444 iudicii,
1243 3376 1273 3426 et
1305 3364 1360 3427 illa

376 3467 551 3530 secundum
573 3486 721 3549 magnam
745 3480 867 3550 partem
890 3480 937 3531 est
959 3467 1059 3531 modo
1081 3488 1200 3551 sponsa
1221 3468 1255 3531 in
1277 3470 1357 3553 celo,

375 3570 408 3634 in
430 3570 613 3656 purgatorio
629 3584 660 3635 et
682 3570 714 3633 in
737 3573 871 3636 mundo.
889 3572 965 3636 ldeo
988 3573 1041 3636 illa
1055 3586 1102 3637 est
1123 3573 1276 3638 continue
1292 3571 1400 3640 una3'o

376 3676 558 3740 universalis
581 3689 612 3740 et
633 3690 742 3741 sancta
763 3691 866 3742 mater
888 3677 1025 3760 ecclesia,
1048 3692 1080 3743 et
1107 3678 1161 3743 illa
1183 3693 1232 3744 est
1258 3699 1357 3764 quarn

414 3875 439 3917 4.
451 3865 474 3909 Α
487 3864 510 3910 in
520 3876 593 3922 marg.
601 3882 607 3911 s
614 3863 722 3910 Chnstm
730 3865 753 3911 ln
763 3865 928 3911 incarnacione
935 3865 1188 3924 origlnnitcceleslam
1195 3865 1357 3913 christianam.

376 3929 433 3978 &A
446 3933 470 3978 ln
485 3945 571 3991 marga
584 3932 677 3992 ilnpcie
691 3932 781 3981 Christi
795 3947 838 3993 per
853 3936 1051 3982 incarnacionem.
1154 3950 1185 3984 ss.
1199 3937 1218 3982 B
1232 3937 1258 3983 ln
1267 3948 1356 3994 marga

376 4000 436 4047 'l'ota
451 4002 556 4049 doctrina
569 4004 696 4049 christiana
709 4012 755 4050 stat
767 4005 791 4051 ln
806 4017 852 4052 nna
866 4005 984 4052 oracione.
1125 4007 1156 4055 ti.
1170 4006 1201 4053 lis
1217 4019 1357 4066 preponere.

376 4082 410 4116 sa.
423 4073 446 4116 Λ
460 4073 484 4117 in
498 4084 583 4130 marga
596 4072 689 4133 Napcla
703 4075 903 4122 consumacioala.
916 4074 946 4122 Ba
963 4076 1062 4135 nupcias
1075 4085 1238 4138 consumptas.
1271 4076 1306 4124 si.
1324 4076 1358 4124 Bt

375 4136 499 4189 iteratim
512 4140 574 4189 xxa

420 4303 444 4355 3.
461 4301 503 4356 Cf.
519 4303 653 4374 Wyclil's.
665 4307 705 4358 De
722 4304 866 4374 Benedicta
887 4305 1071 4375 lncarnsclone
1097 4322 1156 4378 cap.
1176 4308 1207 4376 ll,
1225 4321 1286 4377 pag.
1304 4305 1349 4378 67.
