3262 5226
701 427 870 479 tonsurus
886 427 1033 480 wreus.
1232 405 1357 492 [caux.

373 583 552 647 secundum
566 584 669 669 legem
684 583 835 668 scripture
851 597 978 647 sonaret
1000 582 1031 645 in
1048 580 1209 646 caritatem
1226 579 1461 664 ctutili·157·1

374 700 473 752 tatem
504 688 643 769 ecclesie,
675 685 751 772 quia
779 707 853 751 cum
880 686 990 751 omnia
1012 685 1093 750 iacta
1119 683 1358 767 sceleratissime

373 804 505 877 possent
534 792 701 856 occasione
734 790 947 856 misericordie
976 790 1036 856 Dei
1066 812 1178 856 sonare
1209 790 1248 854 ad
1265 801 1268 805 '
1283 810 1357 874 pro·

376 895 493 960 lectum
516 896 654 981 ecclesie,
686 910 841 980 patronus
863 896 992 961 ecclesie
1013 894 1226 960 indifferenter
1248 893 1360 957 omnia

147 1032 150 1037 ·
177 1010 308 1056 ornemus
322 1011 352 1054 ⁸¹¹
374 1000 448 1064 talia
477 1000 644 1069 ordinaret.
681 999 733 1064 Sic
765 1021 839 1086 ergo
872 1000 1056 1066 conceditur
1087 1001 1176 1084 quod
1206 1012 1274 1063 tam
1305 1013 1384 1069 rexs

162 1063 360 1169 riliemiiraiilil
375 1124 472 1188 quam
494 1125 628 1187 regnum
651 1119 798 1170 nostrum
821 1106 938 1169 nedum
961 1118 1066 1190 potest
1094 1106 1149 1168 sed
1176 1104 1269 1167 debet
1283 1099 1304 1146 *
1319 1103 1359 1165 de
1372 1115 1432 1171 ι58·

157 1166 404 1270 “libellulis
527 1209 534 1223 ·
582 1209 591 1225 ·
832 1209 841 1226 ·
1070 1209 1078 1225 ·
1114 1210 1121 1224 ·

345 1250 351 1262 ·
405 1229 443 1293 ge
474 1223 608 1274 cantatis
645 1209 721 1296 (que
752 1224 801 1275 est
833 1231 881 1275 rus
914 1228 1217 1275 commumssrmum
1248 1223 1359 1272 contra

374 1313 462 1397 quod
494 1334 560 1376 non
589 1312 624 1378 fit
651 1312 862 1401 dispensacio)
893 1315 1051 1381 remittere
1082 1335 1196 1379 omnes
1230 1312 1360 1377 iniurias

374 1416 477 1481 fratris
499 1419 559 1501 sui,
591 1419 711 1482 nedum
741 1417 892 1504 hospitati
924 1418 1003 1483 infra
1025 1418 1186 1483 basilicam
1209 1419 1265 1481 sed
1288 1417 1359 1480 ubi-

374 1542 501 1607 cunque
511 1537 663 1588 terrarum
676 1522 779 1606 luerit,
794 1524 854 1587 sub
869 1524 954 1605 divo,
970 1524 1002 1587 in
1018 1524 1087 1587 celo
1103 1523 1151 1614 uel
1163 1520 1357 1607 purgatorio.
1371 1554 1403 1592 ,ο

306 1691 308 1695 .
418 1627 502 1690 Nam
525 1646 600 1691 cum
624 1628 779 1692 remittere
796 1627 943 1691 iniurium
964 1628 1005 1692 sit
1020 1612 1184 1692 caritatem
1196 1627 1395 1712 ignoscerem

375 1731 479 1815 ipsam
501 1732 608 1816 quoad
640 1731 906 1816 dampnacionem
928 1733 978 1795 vel
1004 1732 1187 1814 vindictam,
1219 1731 1358 1794 volendo

375 1834 577 1900 iniuriantem
607 1836 737 1901 transire
774 1837 939 1922 impunem
979 1839 1019 1900 de
1052 1851 1174 1923 quanto
1204 1835 1359 1920 placuerit

374 1940 507 2005 domino
531 1942 667 2026 capitali,
694 1957 781 2028 patet
803 1945 891 2028 quod
920 1942 1025 2007 omnis
1054 1940 1242 2006 christianus
1264 1940 1358 2004 debet

375 2046 517 2111 cedendo
527 2047 655 2111 Christo
670 2047 828 2112 remittere
838 2045 1050 2135 (quantumin
1060 2046 1132 2132 ipso
1148 2044 1208 2132 est)
1225 2066 1358 2111 omnem
1371 2063 1401 2117 ιε

375 2147 477 2214 lratris
499 2149 656 2216 iniuriam.
679 2153 764 2216 Nam
786 2165 823 2217 ut
844 2152 888 2216 sic
910 2150 1068 2217 meritorie
1092 2149 1191 2214 desert
1209 2152 1278 2216 Deo
1301 2152 1356 2235 qui

159 2271 290 2338 nemrnrqn
305 2276 326 2319 n
340 2253 615 2321 orDeuteronomii
637 2256 780 2340 xxxua,
799 2255 849 2339 35,
864 2256 953 2322 dicit:
975 2257 1053 2320 Mea
1070 2265 1117 2319 est
1137 2256 1222 2319 ulcio
1244 2264 1275 2318 et
1297 2274 1359 2340 ego

157 2328 566 2436 arislii‘e'iiiin·retribuam.
598 2360 640 2425 Et
662 2361 707 2424 sic
730 2374 777 2424 est
799 2362 915 2445 duplex
936 2354 1097 2442 remissio,
1123 2360 1240 2425 scilicet
1262 2360 1381 2429 debitil

157 2433 204 2528 eiii
216 2432 365 2529 lillblll
374 2463 546 2549 spiritualis
576 2485 642 2549 quo
665 2464 798 2551 quilibet
825 2466 1010 2531 christianus
1037 2466 1130 2529 debet
1151 2466 1303 2550 prodesse
1325 2465 1358 2528 in
1399 2464 1404 2473 '

210 2542 235 2579 ¹⁰
248 2536 316 2593 ⁰⁰⁸⁵
374 2568 440 2633 vita
455 2568 590 2633 caritatis
605 2569 733 2634 cuilibet
747 2572 893 2635 membro
908 2569 1052 2654 ecclesie;
1068 2584 1100 2635 et
1120 2570 1200 2634 illud
1215 2568 1359 2633 debitum
1370 2600 1403 2637 ao

319 2688 324 2697 ’
374 2672 505 2738 incurrit
519 2672 651 2758 quilibet
664 2689 812 2759 peccator
825 2673 872 2762 (in
885 2689 1041 2762 quantum
1056 2671 1266 2760 huiusmodi),
1283 2693 1359 2737 cum

374 2778 502 2863 exlege
525 2777 659 2843 caritatis
681 2792 712 2844 et
735 2780 961 2845 communione
983 2793 1166 2844 sanctorum
1192 2777 1360 2842 iniuriatur

374 2883 444 2946 Deo
475 2897 507 2947 et
537 2883 596 2949 toti
620 2883 758 2966 ecclesie,
789 2898 826 2948 ut
851 2899 937 2969 patet
967 2886 1094 2970 xx111·,
1125 2906 1156 2970 q.
1189 2883 1241 2949 1v.
1287 2881 1360 2946 Hec

375 2998 494 3064 arerem,
522 3001 553 3051 et
584 2987 731 3053 recitatur
752 2989 899 3072 proximo
922 2990 1071 3075 capitulo.
1109 2990 1224 3054 Talem
1250 3001 1359 3053 autem

175 3112 287 3166 uorans
301 3123 353 3156 ma·
376 3091 596 3156 remissionem
627 3094 720 3158 debet
752 3094 885 3180 quilibet
917 3110 1064 3179 peccator
1099 3094 1213 3158 habere
1250 3093 1358 3178 quoad
1370 3109 1402 3163 25

176 3165 254 3262 llll
265 3164 347 3260 iiiia
377 3217 509 3260 onmem
532 3195 677 3261 iniuriam
700 3197 800 3261 fratris
829 3198 886 3281 sui,
909 3220 985 3264 cum
1010 3201 1104 3264 debet
1125 3199 1287 3264 humiliter
1308 3196 1357 3261 iu·

160 3268 496 3365 milall‘ll'il‘¹dicium
523 3301 676 3384 puniendi
699 3303 767 3366 Deo
794 3302 979 3389 relinquere.
1014 3304 1158 3369 Secunda
1181 3317 1289 3368 autem
1311 3315 1388 3371 estz

168 3375 306 3471 ‘milui'
320 3375 359 3416 ψ’
376 3405 519 3469 remissio
542 3406 639 3470 debiti
662 3407 844 3491 corporalis,
868 3428 965 3493 quam
988 3423 1023 3473 ut
1042 3409 1112 3494 quis
1136 3407 1253 3490 lecerit,
1277 3406 1360 3471 cedit

375 3507 434 3572 iuri
452 3510 528 3573 illud
544 3511 687 3574 debitum
703 3510 874 3596 repetendi.
897 3512 938 3576 Et
952 3513 1007 3597 qui
1024 3534 1090 3576 non
1105 3512 1244 3597 concipit
1265 3509 1360 3575 istam

376 3613 537 3698 duplicem
569 3614 787 3679 remissionem
819 3615 925 3699 debiti,
956 3630 1003 3680 est
1033 3617 1125 3680 valde
1151 3616 1359 3701 indispositus
1371 3629 1404 3684 3ο

375 3716 415 3779 nd
438 3718 683 3803 concipiendum
706 3721 872 3784 materiam
893 3719 1132 3807 privilegiorum
1159 3720 1288 3785 ecclesie
1309 3721 1359 3783 vel

414 3954 434 4001 l.
454 3959 477 4002 A
490 3956 514 4003 ln
529 3968 615 4014 meror
637 3955 773 4006 concrum.
878 3971 906 4005 rr.
923 3962 946 4005 A
959 3958 983 4006 ln
998 3972 1086 4018 marga
1109 3959 1173 4019 Quld
1191 3968 1227 4006 esr
1240 3960 1359 4006 rernlttere

375 4024 493 4072 iniuriam.
581 4026 610 4074 15.
625 4025 656 4072 lle
670 4031 834 4079 coneedendo.
921 4041 952 4088 ιγ.
965 4032 988 4075 A
1000 4029 1025 4075 ln
1039 4042 1126 4086 meren
1141 4029 1232 4089 Duplex
1241 4028 1359 4075 remissie.

376 4093 394 4138 ll
415 4096 439 4140 ln
453 4107 527 4153 marg.
542 4109 605 4144 men.
625 4099 676 4144 ales
691 4097 809 4146 ltemlsslo
827 4099 922 4157 duplex.
1026 4099 1062 4145 28.
1081 4103 1125 4158 A,r
1140 4101 1211 4147 debltl
1225 4101 1322 4159 scillcet,
1334 4099 1359 4145 ln

375 4166 430 4212 cod.
444 4167 471 4222 Ἀ
486 4166 574 4213 scillcet
589 4169 715 4214 errlocrurn
729 4177 771 4216 ese

422 4344 462 4398 ιε.
481 4345 545 4416 αφ.
562 4346 620 4402 xv.
