3262 5226
155 487 222 551 252
493 464 499 473 ⁴
698 496 871 553 tonsurus
889 494 1041 548 wrcen.
1221 471 1367 565 [canan.

169 670 351 719 sven-anos
376 633 512 722 nacione
535 679 554 721 a
577 659 646 741 lege
669 654 804 733 domini,
838 651 915 738 quia
938 665 974 717 ut
997 650 1112 716 dicitur
1134 651 1204 733 XF,
1237 671 1268 735 q.
1303 650 1371 733 111¹,
1384 669 1483 738 ¹⁶4⁸*

156 726 294 823 &3⁶35
306 724 366 834 aso
376 765 458 830 inter
469 764 579 829 verba:
593 761 725 847 Sufficit
739 759 918 825 christiano
932 758 1086 823 inuocare
1101 755 1133 819 in
1150 756 1371 821 testimonium

179 841 210 875 ⁸⁵
222 827 358 945 Qut,
376 869 483 954 operis
505 881 675 954 purgatam
690 865 928 931 conscienciam
945 875 1041 945 atque
1057 862 1173 927 Deum.
1186 860 1371 942 Habemus,

376 973 479 1058 inquit
511 971 697 1056 Gregorius,
727 970 871 1035 Paulum
906 968 1081 1032 dicentem:
1107 966 1224 1031 Gloria
1260 976 1371 1030 nostre

375 1078 432 1141 laec
452 1087 510 1159 est,
532 1077 751 1141 testimonium
774 1073 976 1138 consciencie
999 1082 1118 1136 nostre.
1157 1069 1217 1133 Joi
1241 1089 1397 1156 quoques
1423 1078 1428 1087 '

374 1181 463 1245 dicit:
497 1181 584 1246 Ecce
606 1182 640 1245 in
663 1179 733 1244 celo
755 1180 846 1242 lestis
869 1195 971 1241 meus.
996 1176 1042 1254 Si,
1064 1176 1181 1259 inquil,
1203 1185 1251 1238 est
1279 1176 1372 1240 nolis

373 1287 464 1350 testis
485 1287 518 1349 iu
542 1285 627 1363 celo,
650 1286 742 1350 lestis
756 1285 790 1348 in
806 1281 915 1362 corde,
938 1280 1137 1345 dimittamus
1153 1280 1269 1345 stultos
1274 1279 1371 1364 soris

375 1391 465 1475 ioqui
501 1388 589 1476 qnod
623 1389 748 1454 uolunt.
790 1386 878 1465 Quid
915 1386 1001 1450 enim
1037 1384 1133 1450 aliud
1163 1383 1371 1448 detrahentes

363 1494 502 1580 sociant
523 1495 588 1559 nisi
609 1494 751 1579 quadiu
768 1491 942 1575 pulverem
965 1490 1107 1577 sufflant
1138 1499 1169 1554 el
1199 1491 1234 1554 in
1258 1488 1372 1553 oculos

374 1617 453 1662 suos
491 1607 615 1661 terram
656 1597 812 1673 excitant,
852 1606 887 1658 ut
925 1594 1013 1659 unde
1038 1593 1371 1679 plus-*detractionis
1386 1629 1416 1668 ro

368 1703 529 1785 perstant,
551 1700 629 1765 inde
650 1700 770 1785 magis,
792 1699 893 1764 nielsil
916 1700 1064 1763 ueritatis
1085 1697 1229 1763 uideant.
1253 1697 1297 1779 Si,
1321 1698 1369 1760 in·

374 1826 485 1890 quam,
519 1805 717 1890 publicarem
748 1804 843 1869 istam
874 1802 1068 1868 sentenciam
1104 1823 1203 1888 quam
1241 1801 1371 1887 predico

374 1908 592 1994 principaliter
613 1923 745 1993 propter
767 1908 894 1973 lucrum
917 1907 1015 1972 seculi
1037 1907 1088 1971 vel
1110 1908 1241 1971 laudem
1264 1904 1370 1969 homi·

376 2034 467 2096 num,
500 2034 561 2099 ego
593 2033 696 2077 essem
728 2034 781 2077 me
812 2012 885 2098 ipso
916 2008 1059 2094 stulcior,
1090 2014 1200 2076 lavans
1229 2012 1371 2094 laterem,

373 2119 450 2203 quia
480 2118 548 2183 scio
585 2117 674 2202 quod
712 2116 797 2181 lama
827 2118 877 2181 vel
914 2115 1003 2180 favor
1042 2116 1156 2201 populi
1188 2131 1236 2182 est
1279 2117 1414 2189 valde15
1520 2196 1523 2203 Ι

374 2222 519 2288 flexibilis
548 2236 581 2287 et
612 2220 763 2286 restibilis
794 2236 925 2306 propter
951 2221 1113 2305 timorem,
1145 2219 1288 2285 favorem
1321 2221 1372 2284 vel

373 2328 490 2392 odium
513 2326 613 2390 instar
634 2325 732 2389 venti.
760 2325 823 2389 Sed
846 2347 922 2390 cum
945 2325 1059 2389 veritas
1074 2324 1235 2389 *domini
1260 2340 1370 2391 manet
1384 2341 1445 2412 ¹⁶⁴⁸

373 2452 510 2517 semper,
539 2451 605 2494 non
629 2442 739 2494 movet
761 2429 845 2494 dicta
869 2429 1006 2493 infidelis
1029 2430 1213 2494 commocio
1240 2428 1367 2494 fidelem

373 2555 501 2600 servum
524 2534 654 2613 Christi,
679 2548 715 2598 ut
737 2534 874 2598 omnino
896 2548 1007 2616 taceat,
1030 2533 1105 2619 quia
1119 2539 1192 2599 Aet.
1219 2535 1324 2602 XVll⁰
1339 2551 1371 2601 et

373 2640 462 2704 xlx⁰
473 2637 588 2723 legitur
602 2640 771 2724 quomodo
790 2658 951 2724 synagoga
967 2638 1142 2702 iudeorum
1166 2653 1197 2703 et
1212 2639 1371 2725 principes
1383 2676 1416 2713 ,ο

277 2743 285 2765 ’
373 2746 576 2808 sacerdotum
585 2743 824 2807 concitaverunt
833 2744 978 2826 vulgum,
989 2742 1187 2807 Demetrium
1198 2759 1228 2807 et
1239 2743 1373 2809 artifices

374 2848 522 2913 iacientes
546 2850 620 2912 edes
646 2862 811 2933 argenteas
835 2847 947 2928 Diane,
979 2847 1159 2932 exquibus
1188 2849 1373 2933 quesierunt

373 2967 523 3038 questum
543 2973 610 3015 non
631 2951 807 3035 modicum,
828 2971 1032 3015 commovere
1052 2952 1213 3036 populum
1235 2953 1372 3018 clamare

372 3060 566 3121 constanter:
582 3057 712 3141 Magna
730 3057 842 3120 Diana
864 3056 1096 3140 Ephesiorum,
1119 3059 1175 3122 sed
1197 3073 1273 3143 post
1293 3078 1371 3123 con·

375 3163 454 3226 versi
471 3175 691 3245 cognoverunt
706 3162 794 3246 quod
810 3161 953 3225 doctrina
967 3161 1103 3246 apostoli
1117 3161 1176 3227 luit
1192 3163 1237 3225 eis
1247 3163 1371 3255 ⁴utilior.
1382 3181 1415 3233 25

192 3266 239 3311 we
253 3267 328 3313 ΜΝ
420 3267 625 3331 Detestamur
647 3280 756 3329 autem
778 3265 973 3330 occisionem
996 3266 1166 3331 hominum
1189 3269 1311 3331 nedum
1337 3269 1407 3338 inn

158 3320 366 3420 Wffifflieftw
376 3370 665 3435 westmonasterio
682 3372 736 3433 sed
752 3370 937 3434 altrinsecus
953 3371 1153 3455 interregna,
1176 3373 1232 3435 sed
1256 3372 1369 3435 distin·

193 3425 330 3472 ‘mm’
373 3476 503 3561 guimas
527 3475 609 3539 inter
631 3475 863 3538 extructionem
885 3496 944 3560 pro
964 3476 1063 3539 tutela
1086 3475 1186 3559 regni,
1218 3491 1249 3541 et
1278 3479 1369 3541 casti·

373 3581 506 3665 gecione
530 3580 701 3643 hominum
724 3580 842 3643 salubri
871 3579 1043 3644 hominum
1057 3580 1216 3665 legiorum
1239 3583 1280 3647 de
1302 3604 1370 3668 quo

374 3686 454 3749 iacta
465 3684 525 3749 luit
535 3684 628 3746 nobis
640 3685 776 3769 questio,
792 3700 823 3748 et
839 3684 920 3748 inter
932 3684 1125 3749 occisionem
1137 3707 1201 3770 que
1211 3686 1293 3751 iacta
1309 3688 1370 3752 luit
1379 3707 1414 3760 30

373 3804 477 3873 preter
492 3801 679 3873 preceptum
700 3803 756 3851 aut
770 3788 969 3852 voluntatem
992 3789 1072 3869 regis
1095 3788 1146 3852 sel
1168 3788 1217 3852 sui
1232 3790 1369 3856 consilii.

374 3893 466 3956 Unde
479 3892 666 3956 hominibus
685 3913 851 3956 armorum
865 3893 939 3977 plus
955 3907 1103 3977 optamus
1122 3892 1369 3978 prosperitatem

413 4108 434 4140 a·
452 4098 475 4143 Α
490 4095 508 4142 Β
523 4096 546 4143 ln
561 4109 651 4154 marga
670 4096 742 4144 Nota.
848 4111 872 4153 4.
893 4097 948 4144 lile
965 4098 1186 4156 restauremini
1207 4095 1294 4143 Testes
1311 4096 1368 4142 duo.
1407 4120 1412 4137 .

375 4176 398 4223 9.
414 4176 441 4210 u.
455 4167 478 4211 Α
492 4165 537 4222 Aa*
550 4174 573 4211 er
587 4167 612 4212 ia
623 4190 646 4200 -
656 4164 757 4224 perflant
771 4167 845 4214 deest.
933 4178 969 4222 rc.
982 4169 1018 4213 Aa
1032 4166 1132 4213 laudans
1144 4164 1251 4213 laterem.

424 4341 446 4377 ι.
469 4323 507 4378 lb.
530 4340 609 4379 causa
630 4328 675 4395 xl,
696 4343 723 4396 q.
747 4327 791 4393 lll,
818 4342 841 4381 c.
865 4328 911 4381 LV
935 4337 962 4380 et
984 4327 1051 4380 avt.
1156 4325 1181 4379 3.
1200 4326 1282 4394 Greg.
1299 4325 1369 4395 Epp.

375 4409 435 4462 Lib.
452 4410 496 4463 xl.
514 4411 563 4481 Ep.
583 4411 615 4465 ll.
