3262 5226
676 705 1015 765 sonamuwrcur.
1174 684 1324 781 [ωλι

331 868 508 935 delectatur
538 866 573 933 in
606 860 753 951 donnino,
783 886 853 932 non
882 867 991 931 solum
1021 862 1152 949 exponit
1174 862 1325 943 exercicio
1339 878 1426 950 ¹9⁵·1

330 972 434 1038 leudis
470 970 579 1037 divine
608 992 667 1039 sue
686 970 808 1060 ‚omnis
837 970 895 1036 sed
926 990 961 1035 se
991 968 1111 1055 ipssrn;
1137 968 1208 1034 talis
1239 964 1326 1032 enim

329 1075 459 1141 interim
478 1088 588 1163 gustet
618 1074 653 1141 in
684 1070 808 1143 actibus
838 1095 939 1163 quam
967 1074 1073 1139 suavis
1094 1088 1142 1139 est
1163 1069 1325 1153 dominus,

328 1199 503 1267 quousque
524 1178 636 1246 infima
657 1180 795 1247 dulcedo
817 1179 1003 1246 timentibus
1018 1179 1123 1245 Deum
1139 1178 1325 1244 abscondita

329 1284 371 1349 sit
393 1283 515 1371 illapsu
556 1285 624 1351 Nec
653 1298 761 1371 potest
791 1283 875 1351 obici
906 1283 996 1370 quod
1026 1282 1085 1349 ltec
1111 1282 1227 1348 mulier
1258 1296 1348 1351 nous

327 1387 408 1454 vidit
441 1382 614 1475 quomodo
645 1390 848 1477 operandum
877 1387 919 1456 sit
951 1402 1082 1474 propter
1113 1388 1214 1455 noctis
1236 1403 1322 1455 tene·

327 1492 402 1557 bras
423 1492 459 1558 in
482 1512 549 1579 que
570 1492 647 1578 virt,
667 1494 746 1581 quia
767 1494 896 1561 lucerna
917 1493 1042 1559 ardebit
1062 1493 1225 1577 continue,
1244 1495 1323 1557 dum

327 1616 456 1683 semper
490 1596 588 1663 hebet
623 1598 758 1664 oculum
788 1612 820 1664 et
851 1596 1068 1680 eleccionem,
1098 1599 1257 1684 sperando
1290 1598 1322 1662 in

328 1700 477 1785 domino,
515 1702 614 1767 verbo
651 1702 775 1783 domini
812 1702 1074 1769 consolacionem
1105 1700 1258 1788 scripture
1292 1716 1323 1767 et

328 1804 616 1871 continuacionem
637 1804 850 1873 beneficencie
865 1822 1032 1895 tamquam
1045 1802 1155 1872 oleu'rn
1171 1806 1366 1873 continuem

330 1909 495 1997 largiente,
510 1925 591 1977 etex
600 1912 660 1977 ista
671 1912 742 1977 luce
757 1932 834 1978 cum
848 1915 923 1977 oleo
938 1911 1123 1979 devocionis
1142 1912 1321 1977 exhilarata.

154 2028 287 2132 usurp·
372 2016 468 2082 Unde
496 2029 612 2081 octavo
638 2006 855 2104 subiungitur:
878 2018 1017 2083 Manum
1039 2014 1139 2083 suam·
1167 2017 1253 2082 misit
1279 2016 1352 2082 adu
1369 2030 1399 2083 tt

143 2084 272 2235 Ἠιέεὴ
316 2118 435 2205 sorcin
456 2130 490 2185 et
510 2120 607 2207 digiti
626 2123 697 2187 eins
718 2122 1004 2207 apprehenderunt
1012 2121 1155 2208 susurn5
1184 2121 1239 2187 ubi
1263 2121 1322 2187 ista
1431 2197 1437 2208 ,

153 2192 273 2303 tid-nx
328 2224 416 2290 bons
431 2238 581 2291 matrona
594 2226 720 2293 lanifica
733 2248 791 2313 per
805 2249 940 2294 msnurn
962 2241 994 2293 et
1008 2228 1145 2314 digitum
1161 2226 1321 2313 specificat

328 2330 509 2415 expressius
545 2351 647 2418 quam
681 2352 780 2418 supra
816 2332 1070 2419 applicacionem
1105 2331 1253 2417 potencie
1289 2345 1362 2398 etis

326 2435 504 2521 prudencie
525 2436 566 2500 ad
581 2436 692 2502 sedule
715 2438 927 2523 operandum.
949 2439 1034 2505 Nam
1055 2456 1169 2502 manus
1183 2451 1215 2503 et
1231 2435 1318 2522 digiti

325 2553 403 2606 sunt
433 2540 603 2627 propiores
633 2534 733 2627 quoru
764 2542 930 2607 brachium
965 2542 1050 2609 actui
1082 2541 1252 2628 operandi;
1287 2553 1319 2605 et

325 2657 434 2730 potest
465 2664 550 2731 opus
576 2644 675 2711 huius
702 2644 821 2712 lemine
848 2647 910 2714 dici
939 2645 1031 2735 forte,
1061 2647 1137 2735 quin
1159 2645 1318 2714 collectim

325 2748 471 2835 procedit
498 2770 536 2815 ex
559 2749 680 2816 viribus
702 2750 887 2817 universalis
910 2752 1041 2819 ecclesie
1062 2753 1226 2818 resistente
1249 2764 1318 2816 toto

324 2874 462 2940 corpore
483 2855 615 2942 dyaboli
636 2875 714 2920 curn
736 2854 806 2921 eius
828 2856 981 2924 omnibus
1003 2856 1232 2924 instrumentis.
1256 2856 1362 2927 Sedao

324 2961 486 3046 quantuni
508 2961 549 3024 ad
572 2981 704 3025 sensum
726 2960 911 3026 habendum
935 2964 974 3028 de
998 2962 1070 3044 fuso
1092 2964 1169 3029 dicit
1183 2983 1319 3049 magnus

324 3066 437 3129 doctor
459 3065 660 3150 Augustinus
693 3068 784 3151 quod
815 3058 882 3130 non
915 3068 1030 3132 tacebit
1061 3067 1180 3134 caritati
1210 3081 1317 3132 nostre

324 3170 415 3253 quod
438 3169 590 3254 magister
612 3190 689 3234 suus
712 3170 899 3255 inspirando
915 3173 1089 3237 donaverit.
1112 3173 1221 3237 Primo
1244 3193 1343 3259 ergot

324 3272 482 3359 supponit
507 3275 599 3359 quod
631 3274 821 3339 christianus
853 3275 911 3339 scit
943 3276 1024 3339 bene
1045 3275 1123 3362 quid
1153 3276 1259 3342 iecerit
1282 3276 1314 3340 in

323 3378 523 3463 preteritum,
559 3380 616 3442 sed
646 3377 772 3464 ignorat
802 3379 881 3465 quid
913 3395 969 3445 aut
996 3381 1130 3465 qualiter
1158 3381 1250 3447 societ
1281 3381 1312 3445 in
1330 3398 1361 3453 25

325 3483 483 3548 futurum„
507 3482 656 3548 Secundo
685 3485 881 3570 supponitur
903 3487 992 3570 quod
1017 3487 1097 3571 pius
1123 3486 1349 3559 christianum

324 3577 506 3673 defuturo
532 3608 629 3674 opere
656 3590 738 3653 bono
761 3590 863 3668 timet,
895 3591 935 3653 de
951 3592 1107 3675 preterito
1128 3591 1261 3678 gaudet,
1289 3602 1320 3657 et

326 3703 361 3756 ut
376 3703 565 3777 perseveret
586 3694 620 3756 in
642 3694 733 3758 bonis
748 3695 900 3779 operibus
922 3705 1017 3759 caute
1031 3696 1155 3782 vigilat,
1180 3716 1221 3760 ne
1224 3696 1320 3782 sorte

325 3797 495 3883 negligens
516 3798 717 3881 futurorum
736 3800 857 3884 perdat
873 3801 1078 3885 preteritum,
1106 3802 1206 3865 etsie
1227 3800 1320 3865 nabet

311 3903 454 3988 firmam
470 3903 700 3967 conscienciam
717 3905 757 3968 de
778 3904 863 3969 lacto
879 3920 911 3970 et
926 3925 992 3969 non
1008 3906 1048 3969 de
1063 3905 1180 3971 fiendo.
1204 3905 1350 3977 Tercioa

324 4007 480 4092 supponit
494 4010 584 4093 quod
598 4007 631 4071 in
653 4023 719 4073 arte
742 4009 838 4072 nendi
862 4009 979 4074 lanifici
1000 4011 1184 4075 involutum
1198 4011 1231 4073 in
1247 4012 1319 4075 colo

324 4110 474 4176 nondum
502 4111 704 4178 artificiatum
727 4128 774 4179 est
795 4114 828 4178 in
853 4113 955 4178 forma
979 4114 1034 4198 fili,
1057 4116 1113 4180 sed
1135 4116 1176 4181 ab
1197 4116 1253 4179 illo
1279 4116 1319 4179 od

325 4214 435 4280 lusum
458 4216 603 4301 trahitur,
626 4239 691 4284 non
714 4232 854 4285 econtre.

364 4447 574 4501 a.1u'codd.sae
594 4456 683 4515 ipsese.
789 4470 811 4518 7.
830 4459 860 4505 Βι
883 4458 1002 4519 indeque
1023 4460 1078 4508 virt.
1185 4472 1219 4507 aa.
1239 4461 1320 4521 ΑΑμ

324 4524 501 4571 denudaret.
606 4536 637 4573 aa.
655 4527 682 4573 ln
705 4529 788 4576 cedda
810 4528 947 4576 Utonsro.
962 4531 998 4576 Ar
1013 4528 1091 4578 Lites·
1106 4530 1127 4578 Κ
1145 4531 1170 4578 la
1184 4532 1239 4578 loeo
1252 4530 1319 4578 inies.

250 4590 255 4595 '
323 4593 359 4710 pl.
373 4594 397 4711 ἒ
412 4592 438 4639 la
452 4605 541 4652 rueras
563 4594 662 4655 Triplex
675 4599 824 4657 sepposleio.
934 4611 973 4656 ²4«
998 4599 1029 4645 lis
1055 4601 1172 4658 supponit
1185 4600 1251 4660 qnod
1266 4599 1321 4658 plue

333 4673 375 4709 σοι
397 4671 415 4711 l·
