3262 5226
157 424 223 488 ²²4
703 414 871 470 comunis
889 414 1037 469 wrcen.
1231 394 1311 480 [cu.
1325 407 1355 454 u

156 590 290 647 immune
298 588 364 650 ruta,
372 576 622 649 immunitatem,
653 573 718 637 nisi
744 573 897 656 publicus
919 573 1005 636 latro
1016 568 1128 657 suerit
1150 569 1200 633 uel
1225 579 1468 637 noctur-160⁰?

374 699 437 745 nus
453 679 634 764 populator
649 695 809 762 agrorum
831 678 898 761 qui,
920 675 996 739 dum
1012 676 1130 739 itinera
1142 673 1357 759 frequentata

168 809 191 844 a.
205 810 218 843 ι
231 804 318 845 varra
330 796 358 844 ot
372 784 425 849 uel
439 783 595 867 publicas
615 790 737 845 stratas
758 780 883 845 obsidet
902 779 1130 866 aggressionis
1152 777 1285 859 insidiis,
1313 778 1356 841 ab

223 850 299 911 Μ’
327 882 330 888 ’
372 888 511 953 ecclesia
527 885 660 951 extrahi
676 895 794 968 potest,
810 886 989 969 inpunitate
1009 903 1073 949 non
1089 883 1227 967 prestita
1241 903 1355 947 secun·

373 992 450 1056 durn
472 989 651 1054 canonicas
664 991 865 1054 sanctiones.
882 990 918 1053 Si
938 1008 1014 1053 uero
1033 1007 1148 1052 servus
1166 986 1276 1071 suerit
1298 989 1379 1072 quis

168 1109 349 1206 snaleoespea
375 1094 564 1179 confugerit
585 1093 631 1157 ad
652 1094 831 1170 ecelesiam,
842 1103 1015 1177 postquam
1039 1092 1078 1156 de
1100 1092 1276 1175 inpunitate
1293 1110 1354 1155 sua

226 1174 299 1219 'm’
373 1200 525 1264 dominus
560 1198 631 1262 eires
667 1198 792 1262 clericis
828 1200 1046 1262 iuramentum
1080 1196 1267 1280 prostiterit,
1311 1195 1356 1259 ad

372 1302 547 1367 servicium
579 1300 705 1367 domini
735 1303 789 1367 sui
810 1302 919 1366 redire
942 1301 1155 1385 compellatur
1177 1301 1277 1364 eciam
1305 1302 1355 1364 in-

209 1402 328 1502 ’Ἤὲξῑ
371 1409 468 1483 uitus,
491 1406 636 1490 alioquin
658 1423 681 1468 a
703 1404 833 1470 domino
849 1407 973 1489 poterit
995 1408 1159 1490 occupari.
1192 1406 1270 1469 Ecce
1292 1419 1354 1470 tres

372 1531 464 1575 casus
492 1511 524 1574 in
547 1511 665 1595 quibus
687 1510 759 1575 licet
780 1509 951 1597 fugitiuum
973 1509 1110 1574 invitum
1132 1510 1299 1593 extrahere,
1322 1521 1353 1573 et
1366 1537 1397 1576 ιο

372 1614 454 1678 libro
478 1615 533 1699 V0,
556 1614 609 1678 De
623 1613 823 1696 Homicidio,
845 1615 977 1700 ponitur
991 1636 1049 1701 pro
1064 1616 1131 1700 lege
1150 1615 1226 1678 illud
1250 1613 1382 1681 Exodib
1458 1630 1462 1638 '

371 1719 471 1802 xx10,
500 1739 550 1801 14,
574 1719 612 1782 Si
629 1719 704 1803 quis
719 1739 785 1803 per
802 1718 997 1785 industriam
1014 1720 1175 1799 occiderit,
1198 1718 1239 1782 ab
1253 1720 1354 1783 altari

376 1843 447 1888 meo
469 1822 592 1888 evellas
613 1843 700 1906 eum,
724 1834 758 1887 ut
779 1825 948 1890 moriatur.
1027 1870 1032 1880 -

154 1942 208 1987 nu
227 1941 259 1988 u·
278 1953 364 1998 exeep-
416 1928 458 1992 Et
488 1942 524 1992 ut
554 1926 680 1991 videtur
712 1927 801 2009 mihi,
832 1928 964 2013 quintus
996 1949 1086 1992 casus
1108 1927 1292 2012 exprimitur
1322 1927 1427 2003 ineo

157 1994 365 2093 rmviffssi't‘io'ssr
375 2033 432 2096 111ο
448 2031 673 2112 Decretaiium,
689 2032 720 2095 in
736 2030 798 2095 fine
813 2033 894 2097 tituli
912 2034 964 2097 De
978 2033 1185 2097 immunitate
1200 2031 1354 2111 Ecclesie,
1368 2042 1397 2095 ι5

229 2110 293 2143 Μ’
373 2158 448 2200 eum
480 2136 599 2221 inquit:
634 2137 674 2200 In
709 2157 748 2201 eo
778 2139 811 2201 in
849 2158 913 2222 quo
948 2139 1103 2223 delinquit
1133 2138 1249 2220 puniri
1282 2140 1355 2221 quis

372 2240 496 2317 debeat,
521 2251 552 2304 et
557 2241 695 2326 frustra
713 2240 796 2327 legis
810 2243 970 2307 auxilium
986 2245 1110 2308 invocet
1133 2243 1189 2327 qui
1210 2244 1355 2306 commit-

371 2348 410 2409 tit
431 2346 465 2409 in
487 2346 613 2430 legem:
640 2344 834 2411 mandamus
861 2328 1020 2432 quatenus
1046 2348 1202 2411 nuncietis
1222 2347 1354 2429 publice

371 2452 456 2515 tales
476 2471 540 2514 non
564 2449 682 2515 delere
703 2452 852 2534 gaudere
870 2454 1084 2517 immunitatis
1099 2452 1355 2536 privilegioque

363 2555 502 2641 jaciunt
523 2574 558 2618 se
579 2553 741 2639 indignos.
764 2556 803 2619 Et
824 2555 911 2641 ipsos
933 2557 1081 2642 indignos
1100 2556 1188 2640 prius
1209 2556 1355 2639 exprimit
1365 2581 1398 2618 ao

348 2640 433 2723 ¹sub
463 2659 524 2723 hiis
555 2658 672 2723 verbis:
705 2660 864 2724 Nonnulli
893 2664 1105 2745 inpunitatem
1137 2680 1268 2725 suorum
1296 2680 1353 2725 ex·

372 2784 522 2829 cessuum
539 2783 605 2845 per
626 2763 845 2849 defensionem
866 2766 1000 2831 ecclesie
1015 2767 1159 2830 obtinere
1176 2775 1355 2848 sperantes,

372 2866 547 2932 homicidia
589 2878 620 2932 et
661 2869 896 2934 mutulaciones
940 2872 1156 2935 membrorum
1206 2872 1239 2933 in
1277 2871 1358 2953 ipsis

372 2972 516 3037 ecclesiis
537 2974 588 3036 uel
609 2993 725 3037 eurtum
748 2976 913 3039 cimiteriis
934 2978 1131 3040 committere
1156 2996 1218 3040 non
1243 2995 1356 3040 ueren-

371 3088 440 3158 tur,
472 3077 528 3160 qui
559 3077 624 3140 nisi
650 3098 714 3160 per
743 3078 912 3142 ecclesiam
951 3081 996 3144 ad
1031 3101 1127 3165 quam
1165 3082 1398 3166 confugimus

372 3182 545 3244 crederent
565 3201 600 3245 se
622 3180 765 3266 defendi,
786 3185 973 3249 nullatenus
985 3185 1129 3271 fuerant
1143 3188 1355 3250 commissuri.

373 3286 465 3349 Unde
496 3286 586 3369 glosa
619 3286 695 3350 dicit
730 3289 818 3371 quod
852 3310 964 3353 omnes
994 3290 1080 3375 leges
1114 3310 1177 3375 que
1212 3290 1358 3354 videntur

375 3390 442 3454 istis
458 3391 623 3471 contrarie,
640 3405 675 3454 ut
690 3392 801 3474 XVW,
817 3416 849 3478 q.
866 3394 921 3459 1v¹
938 3409 969 3459 et
984 3408 1084 3459 cetere
1099 3396 1193 3479 leges,
1209 3409 1356 3460 sonantes

373 3494 406 3557 in
429 3494 604 3578 presidium
628 3494 846 3561 maleficorum
869 3497 901 3561 in
925 3499 1113 3580 sanctuario,
1141 3500 1357 3585 intelliguntur

372 3598 412 3662 de
435 3600 539 3682 dignis
554 3599 608 3663 tali
625 3600 773 3683 presidio.
796 3601 986 3687 Hugucius,
1010 3604 1123 3688 inquit,
1148 3607 1232 3669 male
1259 3607 1355 3684 dixit,
1366 3607 1400 3659 30

417 3902 437 3936 s.
453 3892 478 3936 ln
492 3891 579 3936 codd.=
593 3891 733 3950 frequentet.
748 3893 815 3939 Coss.
824 3907 837 3938 e
847 3895 910 3939 decr.
925 3907 978 3952 sup.
989 3908 1059 3941 mem.
1099 3912 1102 3916 ·
1144 3909 1174 3943 re.
1187 3899 1297 3944 occiderit
1307 3911 1355 3944 sca

373 3960 507 4016 proximum
522 3973 591 4006 suum
610 3970 632 4006 et
647 3974 690 4019 per
703 3962 807 4008 insitire.
912 3962 945 4008 23.
964 3965 990 4011 ln
1004 3965 1088 4011 corun
1106 3972 1129 4011 et
1148 3966 1220 4013 deest.
1241 3968 1355 4016 Addldle

374 4028 439 4074 decr.
454 4042 527 4088 sepse
542 4043 614 4078 men.

373 4326 383 4379 ¹
421 4239 460 4293 16.
477 4243 513 4293 lb.
532 4257 588 4312 esp.
606 4243 639 4297 Χ.
745 4243 785 4297 28.
802 4245 861 4298 Sec.
879 4245 954 4300 beer.
972 4264 1025 4301 sec.
1042 4266 1110 4319 perr,
1133 4265 1211 4303 crum
1228 4248 1307 4314 xvtu
1328 4267 1356 4320 q.

386 4328 418 4396 V,
440 4343 463 4381 c.
480 4329 526 4381 111.
