3262 5226
210 345 279 393 cnr.
293 330 369 423 nn]
584 352 629 405 m:
647 351 825 405 accursu.

97 522 128 575 R
145 526 275 591 quque
301 520 378 575 sunt
398 509 522 575 cesaris
550 508 658 573 cesari
683 518 714 573 et
738 527 801 593 que
827 517 907 572 runt
929 507 995 573 Dei
1011 492 1109 572 Deo.
1135 489 1195 572 'Er

212 615 323 678 Petrus
350 635 387 679 ex
413 614 471 677 ista
503 611 646 676 doctrina
672 612 811 698 precepit
842 611 908 675 suia
930 608 1034 699 (quod
1056 624 1089 676 et
1112 609 1194 677 taceo

214 717 337 803 docuit)
361 733 395 782 ut
414 720 478 781 sint
493 718 627 781 subiecti
649 718 782 802 regibus
803 727 835 783 et
850 716 987 782 ducibus
1001 718 1105 782 eciam
1128 716 1194 781 dis·

212 824 293 886 colis
315 822 365 904 (ut
379 836 465 906 patet
480 821 582 907 prima
597 821 676 885 Petri
693 823 747 904 11⁰,
768 818 830 909 18).
855 822 895 886 Et
910 821 1087 906 Apostolus
1103 820 1196 884 docet

189 926 308 989 5Rom.
325 926 420 1005 xliia,
436 948 467 1010 7,
490 927 656 1011 quomodo
677 917 830 990 debemus
846 926 974 991 obedire
990 925 1195 1011 principibus,

213 1030 263 1092 cui
288 1030 441 1095 tributum
457 1033 566 1093 dames
590 1031 754 1113 tributum,
777 1045 808 1095 et
831 1031 882 1094 cui
898 1030 1030 1115 vectigal
1051 1028 1194 1114 vectigal,

213 1148 244 1197 et
268 1134 370 1196 multo
393 1133 494 1217 magis
518 1156 577 1199 nos
606 1136 659 1219 qui
689 1157 799 1200 sumus
830 1134 1042 1200 elemosinarii
1074 1135 1194 1198 secula·

214 1237 296 1300 rium
320 1238 500 1322 principum
516 1240 668 1302 debemus
683 1261 749 1304 esse
763 1239 894 1304 subiecti
912 1239 1026 1302 nostris
1048 1238 1194 1302 elemosi-

145 1350 204 1420 ¹74⁸
215 1342 374 1424 nantibus,
388 1349 407 1386 ³
423 1364 496 1406 cum
519 1358 584 1408 tam
607 1365 715 1429 graues
737 1358 768 1408 et
783 1344 879 1409 sancti
901 1343 1036 1429 apostoli
1062 1364 1128 1406 non
1149 1341 1195 1408 sic

174 1446 313 1510 rodotati
336 1469 355 1511 a
377 1447 570 1532 principibus
592 1449 634 1513 ita
658 1449 804 1514 lecerunt

259 1551 396 1615 Ulterius
419 1553 603 1617 conceditur
634 1555 722 1638 quod
753 1553 968 1617 secerdotium
1001 1567 1048 1617 est
1070 1552 1196 1638 dignius
1224 1563 1402 1663 mmp

215 1655 296 1717 civili
321 1655 463 1741 imperio,
496 1657 593 1721 etsie
616 1658 765 1722 minimus
797 1659 941 1722 sacerdos
963 1655 1011 1745 (in
1038 1671 1194 1741 quantum
1242 1670 1409 1750 ementem

214 1757 298 1843 talis)
320 1775 366 1824 est
381 1763 482 1823 maior
497 1783 594 1847 quam
611 1763 792 1847 temporalis
809 1762 959 1826 dominus
975 1762 1021 1848 (in
1038 1776 1194 1847 quantum

214 1864 310 1945 talis),
334 1886 406 1928 cum
430 1881 568 1949 potestas
584 1867 752 1951 spiritualis
767 1867 806 1931 sit
823 1867 1015 1951 prestantior
1029 1866 1194 1950 corporali.

181 1983 203 2033 s
257 1970 319 2032 Sed
343 1973 518 2035 notandum
542 1971 592 2057 (ut
615 1971 807 2059 supradixi)
838 1973 925 2056 quod
959 1987 1006 2036 cst
1032 1972 1106 2059 dare
1136 1972 1194 2033 du·
1239 1980 1382 2028 sarem.

214 2073 328 2155 plicem
369 2075 555 2159 dignitatem
598 2093 628 2142 et
670 2077 889 2157 maioritatem,
930 2076 1045 2140 scilicet
1089 2077 1196 2161 quoad
1214 2033 1343 2143 ”lim
1354 2037 1408 2134 iii*

215 2177 367 2241 iudicium
384 2179 440 2242 Dei
456 2183 631 2245 secundum
656 2183 738 2266 leges
760 2202 833 2245 suas
856 2181 905 2245 vel
920 2181 1028 2266 quoad
1043 2179 1197 2243 iudicium
1206 2149 1369 2248 'affinis
1387 2153 1420 2186 ⁰⁸

216 2282 327 2344 muudi
360 2286 534 2347 secundum
565 2307 637 2349 suas
668 2288 762 2371 leges.
802 2286 919 2364 Quoad
953 2284 1108 2349 iudicium
1138 2283 1196 2348 Dei

216 2388 393 2450 secundum
416 2409 487 2451 suas
509 2389 594 2473 leges
616 2389 729 2455 dilliuit
745 2390 890 2454 Christus
906 2388 1035 2453 Matthei
1052 2389 1123 2471 Xl⁰‚
1150 2409 1196 2472 rr,

174 2493 305 2574 eoquod
342 2494 426 2556 inter
462 2505 556 2557 iratos
593 2496 765 2559 erruliermn
808 2514 871 2558 iton
909 2495 1054 2557 surrexit
1091 2495 1198 2559 maior·

214 2597 365 2662 Iohanne
387 2601 547 2682 Baptista,
576 2622 650 2664 nam
673 2622 807 2685 persona
821 2599 974 2665 humilior
996 2615 1027 2666 et
1049 2601 1089 2665 ad
1112 2599 1195 2664 utili·

215 2717 312 2766 tatem
340 2702 467 2767 ecclesie
494 2705 729 2769 ministrativior
751 2720 797 2770 est
827 2707 934 2791 quoad
957 2706 1063 2769 Deum
1094 2703 1195 2769 maior

215 2806 266 2892 (ut
275 2822 360 2892 patet
370 2809 455 2872 Luce
464 2810 578 2892 xxr10,
591 2809 653 2895 27).
670 2811 816 2875 Secundo
829 2811 927 2874 modo
943 2810 996 2875 ille
1011 2810 1065 2896 qui
1082 2829 1193 2874 secun·

215 2912 293 2975 dum
324 2913 407 2997 leges
430 2912 587 2977 humanas
617 2915 710 2978 habet
732 2914 904 2998 primatum
937 2914 969 2977 in
992 2912 1194 3000 reputacione

172 3030 327 3082 25eorum
350 3018 545 3101 superiorem
568 3032 698 3082 vocatur
729 3020 815 3103 apud
838 3020 996 3083 mundum
1030 3018 1133 3083 maior
1163 3030 1194 3082 et

214 3120 347 3205 dignior,
369 3122 441 3186 licet
464 3123 504 3187 sit
525 3137 603 3206 aput
626 3125 727 3187 Deum
750 3122 926 3207 indignior;
957 3137 989 3188 et
1009 3123 1072 3189 isto
1095 3126 1193 3188 modo

213 3225 377 3289 constituit
399 3225 627 3290 Constantinus
658 3229 744 3312 quod
767 3225 936 3312 episcopua
957 3228 1125 3292 Romanus
1154 3228 1194 3292 sit

213 3317 430 3411 dignior'aliis,
447 3345 482 3395 ut
494 3346 580 3414 patet
590 3331 704 3395 XCVl¹
715 3333 756 3413 d.,
767 3352 830 3394 non
844 3330 1012 3416 respiciens
1021 3332 1086 3397 sive
1103 3331 1194 3396 luerit

212 3433 337 3518 dignior
351 3434 582 3520 sireindignior
593 3436 698 3522 quoad
709 3438 822 3500 Deum.
840 3438 932 3502 Unde
949 3458 1006 3502 nec
1022 3437 1194 3522 imperator

171 3551 203 3603 30
214 3559 270 3601 nec
286 3540 456 3604 cardinales
472 3541 590 3605 habent
606 3555 793 3625 potestatem
805 3542 1017 3606 constituendi
1029 3541 1193 3605 hominem

213 3643 244 3704 in
262 3645 314 3706 tali
331 3644 491 3730 dignitate,
514 3666 571 3709 nec
595 3646 665 3709 licet
688 3644 770 3710 lideli
786 3667 922 3711 asserere
937 3647 1038 3732 quod,
1061 3666 1101 3709 eo
1121 3645 1191 3729 ipso

212 3768 278 3831 quo
302 3747 350 3813 isti
374 3749 417 3811 sic
440 3750 644 3815 decreverunt
664 3752 714 3814 vel
737 3753 906 3835 elegerunt,
939 3764 1066 3837 oportet
1088 3752 1192 3814 Deum

251 4003 272 4050 5.
286 4006 309 4048 ln
324 4007 395 4053 codd.
409 4006 467 4053 Rom
479 4007 530 4056 xli.
634 4008 729 4056 andin
745 4020 832 4063 marga
847 4005 987 4065 Responsio.
1095 4007 1192 4053 asnia

213 4086 300 4129 marga
315 4077 405 4134 Duplex
419 4077 520 4132 dlgnltn
533 4085 556 4124 et
569 4078 697 4123 malorlrar.
789 4076 818 4122 ιδ.
833 4078 869 4122 As
883 4077 939 4122 dare
948 4076 1022 4122 deest.
1116 4088 1147 4133 ¹7·
1160 4076 1192 4121 ua

212 4143 291 4201 quoad
310 4169 333 4180 -
353 4148 415 4203 leger
437 4146 511 4191 deest.
616 4158 649 4192 aa.
668 4146 698 4191 Br
717 4147 881 4194 ministracior.
987 4146 1122 4204 27.1tn.=
1140 4145 1192 4203 epl-

211 4225 298 4270 aeopus
312 4227 377 4260 auus.
436 4229 472 4274 29·
487 4216 626 4271 imperatore
640 4217 755 4261 incoada
769 4219 791 4263 Α
806 4216 837 4261 Be
854 4211 915 4274 ipit
942 4211 1038 4277 Aglp'r.
1114 4214 1190 4263 Ma

211 4282 345 4330 nechabet.
