3262 5226
559 520 731 577 soum
745 520 895 597 ww,
1070 496 1245 593 [etant.

176 748 180 755 ,
237 676 379 745 tationes
399 676 489 745 enim
507 696 566 765 per
580 676 665 743 viem
678 691 754 743 sunt
768 676 1057 780 nimirpericulore
1079 690 1112 743 et
1126 674 1223 741 nimis
1235 688 1337 764 190⁴n

237 802 259 847 a
277 780 498 879 predicacione
518 779 672 869 evangelii
693 774 858 849 munnae
882 790 887 805 '
1308 813 1311 817 ’

121 912 211 951 naara
252 886 350 953 ‘Nec
369 886 456 953 valet
474 882 569 952 florio
589 906 655 973 qua
676 884 794 953 dicitur
813 884 1004 974 temporalia
1023 906 1084 973 pro
1106 884 1225 971 quibus

121 962 447 1119 &contenditur
477 1010 547 1057 ease
575 988 694 1057 Christi
733 988 893 1077 discipulo
926 1010 988 1076 pro
1022 1010 1083 1055 roo
1114 987 1225 1054 officio

121 1112 175 1161 raa·
193 1094 414 1161 moerentia
434 1093 655 1182 instrumenta,
676 1094 753 1183 quia
766 1109 941 1183 exequatur
960 1114 1058 1161 nuum
1080 1082 1252 1161 olliciums

121 1164 209 1213 ω’
239 1198 307 1265 sine
322 1198 575 1285 retrospecciooe
588 1200 631 1265 ad
643 1197 843 1287 temporalia,
857 1213 890 1269 et
904 1219 970 1265 non
985 1213 1034 1267 est
1047 1197 1226 1286 compossi-

238 1302 301 1369 bile
333 1304 439 1371 Deum
468 1302 530 1369 sibi
551 1300 686 1369 deficere
715 1301 750 1369 in
782 1304 1013 1389 temporalibus
1042 1301 1227 1369 necessariis

239 1428 306 1473 non
327 1408 369 1473 ad
389 1428 485 1476 unua.
506 1408 583 1475 Ideo
603 1406 682 1475 dicit
695 1406 874 1494 Apostolus
896 1406 979 1473 lleb.
1001 1406 1133 1473 ultimo:
1156 1407 1229 1473 Sint

238 1532 345 1579 morer
364 1512 437 1579 sine
461 1512 617 1595 muricia,
637 1512 778 1579 contenti
790 1512 1008 1599 presentibus.
1044 1509 1122 1598 Ipse
1142 1512 1228 1577 enim

238 1616 337 1683 dixit:
349 1616 426 1685 Non
439 1626 472 1685 te
484 1616 631 1685 dererom
651 1630 759 1703 ireque
780 1616 1013 1705 derelinquam,
1034 1616 1080 1682 ita
1097 1627 1133 1681 ut
1153 1635 1230 1681 con·
1242 1644 1274 1683 ιο

228 1714 374 1809 fidenter
387 1722 552 1789 Murus:
564 1722 727 1789 Dominus
753 1722 834 1790 milri
853 1721 995 1801 adiutor,
1021 1740 1086 1787 non
1113 1721 1230 1787 timebo

239 1826 433 1913 quidsaciat
446 1828 526 1895 milri
538 1828 642 1895 lomo.
654 1826 731 1895 ideo
739 1826 816 1894 dicit
824 1828 938 1895 beatus
946 1826 1119 1915 Gregorius
1127 1824 1229 1893 Ome·

240 1930 283 1999 lia
295 1932 414 1999 xvnu
436 1932 634 1999 Predtcanrt
653 1942 744 1999 tanta
765 1932 857 1998 debet
870 1951 942 1998 erse
959 1932 994 1998 in
1018 1931 1090 1996 Deo
1100 1930 1230 2018 fiducia

243 2046 279 2103 rrt
283 2038 446 2122 presentis
455 2038 519 2103 rite
529 2048 680 2125 sumptus
688 2037 837 2125 quoivis
849 2056 913 2102 non
923 2034 1105 2123 provident,
1121 2046 1230 2099 tamen
1305 2114 1309 2123 Ι

242 2140 301 2208 lor
322 2160 387 2207 nou
400 2141 465 2207 sibi
476 2142 586 2210 deesse
597 2142 777 2210 certissime
788 2142 880 2226 sciat,
903 2160 945 2207 ne
961 2140 1040 2206 dum
1054 2160 1145 2228 mens
1159 2140 1230 2206 eius
1244 2152 1275 2206 ιε

241 2256 416 2333 aucupetur
428 2246 474 2311 ari
485 2248 688 2334 temporalia,
703 2248 810 2313 minus
825 2247 900 2313 aliis
914 2244 1085 2332 provident
1106 2254 1230 2311 eterna.

121 2376 191 2415 aena
288 2350 379 2435 item,
401 2370 442 2417 eo
461 2350 536 2439 ipro
556 2372 624 2440 quo
645 2352 717 2440 quis
740 2368 788 2418 ert
809 2371 875 2417 non
907 2350 1091 2417 membrum
1121 2362 1294 2419 sancteal

121 2418 235 2573 ΕΞ.
245 2454 353 2521 matris
369 2453 499 2521 ecclesie
518 2470 567 2524 est
583 2456 734 2543 indignos
748 2456 863 2521 babere
877 2453 1106 2541 patrimonium
1116 2454 1229 2520 Cruci·

121 2576 236 2688 nm
244 2554 487 2731 &iffi
502 2580 576 2731 2:12⁶
588 2560 1277 2752 willibalt&

245 2766 405 2853 ignorrtri
420 2767 505 2835 dictu
519 2790 655 2856 persona
669 2771 864 2836 contendens
875 2768 918 2835 sit
927 2770 1110 2835 membrum
1123 2783 1233 2835 sancte

245 2873 355 2939 matria
385 2874 532 2957 ecclesie,
571 2895 648 2961 ergo
679 2873 806 2961 ignorat
835 2874 861 2940 ri
891 2873 933 2940 sit
967 2874 1084 2960 dignus
1115 2874 1233 2939 babere

223 2976 477 3063 ‘patrimonium
498 2979 711 3048 vendicnmm.
732 2984 948 3065 Assumptum
970 2994 1059 3066 petet
1081 3000 1121 3044 eo
1143 2980 1233 3066 quod

247 3081 364 3147 nullius
387 3083 516 3149 ulterius
539 3084 667 3150 ecclesie
699 3104 836 3169 persona
867 3083 928 3148 nisi
960 3104 1096 3169 persone
1127 3098 1234 3148 sancte

249 3185 357 3253 matris
379 3187 509 3252 ecclesia
529 3188 624 3254 habet
644 3188 739 3254 titulo
761 3188 845 3253 illius
868 3188 996 3254 ecclesie
1011 3190 1155 3254 colorem
1176 3188 1232 3253 uli·
1244 3200 1277 3254 25

248 3290 326 3376 quid
346 3292 544 3375 vendicandi,
567 3313 642 3359 cum
663 3293 705 3358 sit
726 3294 767 3359 de
788 3292 913 3358 civitate
935 3307 967 3358 et
987 3313 1121 3380 corpore
1154 3294 1232 3379 ‹lya-

247 3394 323 3475 boli,
346 3396 521 3460 contrarius
542 3397 643 3483 prime
664 3396 796 3463 iusticie.
821 3398 864 3463 Et
878 3396 980 3463 maior
1001 3411 1088 3483 patet
1111 3419 1149 3462 ex
1170 3398 1233 3463 boc

247 3500 336 3585 quod
358 3501 466 3567 nullus
488 3501 582 3567 iudex
605 3501 832 3567 ecclesiasticus
855 3503 1011 3568 subducta
1036 3503 1234 3568 revelacione

247 3603 386 3688 predicta
412 3605 471 3669 scit
497 3605 525 3669 si
552 3606 632 3672 alius
663 3605 706 3670 sit
735 3605 977 3690 predestinatus,
1009 3621 1042 3672 et
1072 3627 1129 3693 per
1155 3628 1233 3672 con·

125 3758 145 3803 ·.
248 3728 393 3794 sequens,
414 3708 440 3772 si
462 3709 504 3774 sit
526 3712 708 3775 membrum
730 3724 837 3775 sancte
858 3709 967 3775 matris
984 3712 1124 3778 ecclesie.
1148 3711 1279 3778 Cum3o

145 3812 153 3831 ²
248 3832 323 3898 ergo
351 3810 595 3880 fundamentum
618 3813 721 3879 tocius
744 3814 821 3879 iuris
842 3814 1059 3880 contencionis
1081 3815 1163 3880 loret
1185 3815 1234 3880 in·

249 3914 433 4001 corporucio
469 3939 534 4005 qua
574 3920 769 3984 contendens
800 3917 882 3983 loret
912 3919 951 3982 de
991 3932 1101 3984 sancta
1135 3934 1237 3985 matre

250 4021 389 4107 ecclesia,
411 4026 501 4109 qood
523 4045 581 4090 nec
603 4026 799 4091 contendeus
821 4024 880 4089 scit
906 4025 1020 4089 docere
1052 4044 1111 4088 nec
1141 4023 1236 4088 iudex

287 4207 311 4257 3.
322 4209 347 4256 Α
358 4209 384 4256 ln
397 4221 487 4268 marni
504 4209 592 4258 Fleelu.
697 4221 731 4257 ιο.
748 4208 782 4256 bs
799 4218 824 4257 ta
836 4209 910 4256 deest.
1014 4220 1045 4256 rr.
1065 4209 1089 4256 Α
1102 4207 1127 4255 lo
1146 4218 1237 4268 marpr

250 4276 390 4337 omenta.
403 4276 465 4326 Nota
477 4281 570 4340 qualem
584 4290 651 4337 rpem
666 4278 736 4326 labet
748 4279 836 4327 babere
850 4279 983 4338 predleator
996 4278 1026 4325 ad
1040 4278 1126 4325 beorn.
1178 4304 1184 4315 ·

299 4437 998 4520 ‚congruummunomxvun
1087 4392 1092 4401 ¹
1182 4392 1230 4405 '¹
