3262 5226
698 586 869 642 ronanrns
884 588 1033 643 wicun
1183 563 1264 657 [ω’.
1277 580 1351 628 xvn.

371 759 418 811 est
447 765 512 810 una
532 765 670 831 persona
702 744 877 809 successiva
898 767 918 809 a
939 743 1094 830 principio
1117 740 1229 804 mundi
1252 753 1472 826 usque186·Q

371 849 411 913 ad
440 849 526 914 diem
551 847 670 931 iudicii,
692 861 820 933 etpost
848 848 975 913 habebit
1006 848 1059 912 illa
1089 866 1225 932 persona
1247 844 1357 910 omnia

371 952 439 1018 eius
468 948 621 1035 membra',
651 950 747 1016 simul
778 966 932 1038 perpetuo
968 954 1061 1016 beata
1096 965 1128 1016 et
1164 949 1248 1013 illius
1284 970 1355 1035 per·

180 1070 337 1123 rnamenta
371 1077 448 1122 sone
481 1078 565 1122 nunc
598 1077 663 1122 una
693 1078 766 1142 pars
796 1071 844 1123 est
876 1058 1014 1123 militans
1036 1072 1067 1122 et
1090 1075 1174 1121 nunc
1198 1054 1268 1137 alia,
1299 1055 1355 1118 sed

157 1131 451 1229 affirm-sicut
481 1162 570 1226 nulla
591 1181 665 1246 pars
686 1175 735 1225 est
756 1160 886 1248 reliqua,
913 1161 957 1226 sic
980 1176 1046 1226 tota
1061 1160 1114 1225 illa
1136 1159 1265 1225 ecclesia
1289 1172 1381 1227 noos

189 1234 240 1281 ’Μ
253 1242 326 1292 '⁸⁸⁸⁸'
371 1278 417 1329 est
447 1286 519 1350 prus
551 1266 619 1331 eius
648 1264 756 1352 aliqua
785 1266 839 1331 sed
871 1287 935 1331 una
957 1266 1062 1331 totalis
1085 1280 1115 1330 et
1143 1263 1279 1349 gloriosa
1306 1263 1353 1326 in·

370 1369 641 1435 communicabilis
671 1390 815 1457 persona.
850 1372 923 1435 Non
955 1371 1041 1434 enim
1075 1370 1158 1453 capit
1191 1367 1354 1451 ingenium

369 1474 548 1540 humanum
577 1476 666 1561 quod
697 1476 756 1539 iste
782 1494 880 1560 pauce
906 1495 1041 1560 persone
1073 1472 1243 1538 militantes
1276 1492 1356 1556 quas

370 1576 512 1645 falsarius
525 1594 619 1644 vocat
639 1578 847 1645 universalem
870 1579 1033 1645 ecclesiam
1055 1578 1119 1643 sint
1140 1578 1201 1642 alie
1222 1596 1355 1660 persone

369 1683 565 1749 coniunctim
585 1685 637 1750 vel
658 1684 796 1768 divisim,
816 1705 928 1771 ymmo
949 1686 989 1747 ad
1008 1683 1164 1747 alietatem
1186 1682 1354 1746 cuiuscun·
1368 1710 1399 1747 ιο

371 1808 432 1873 que
462 1787 614 1874 simplicis
647 1810 782 1875 persone
816 1788 959 1874 sequitur
993 1788 1100 1852 alietas
1141 1786 1353 1852 multitudinis

371 1912 433 1978 que
454 1892 557 1979 ipsam
572 1914 739 1978 personam
761 1893 894 1958 caruerit
908 1915 927 1957 a
941 1892 1145 1957 multitudine
1166 1912 1228 1977 que
1251 1891 1354 1976 ipsam

369 2016 538 2081 personam
558 2011 724 2084 tamquam
746 2012 868 2083 partem
883 1997 1037 2063 habuerit.
1063 1998 1136 2061 ldeo
1156 1996 1209 2059 illa
1225 1997 1355 2061 ecclesia

371 2100 522 2165 catholica
544 2121 607 2188 que
627 2102 719 2167 durat
743 2123 762 2165 a
786 2101 942 2187 principio
957 2101 1107 2188 usquein
1124 2099 1221 2164 finem
1241 2102 1353 2165 mundi

371 2223 436 2268 non
458 2219 506 2270 est
527 2226 662 2289 persone
683 2206 734 2270 vel
756 2206 929 2271 multitudo
948 2204 1090 2271 fidelium
1111 2226 1174 2292 que
1198 2227 1282 2270 nunc
1308 2222 1355 2272 est
1369 2218 1398 2271 ι5

168 2324 235 2371 atace
248 2325 340 2371 nrm
371 2310 546 2374 secundum
568 2331 601 2374 se
624 2324 737 2392 totam,
759 2312 814 2374 sed
842 2311 895 2374 illa
911 2311 1084 2376 multitudo
1106 2325 1153 2375 est
1176 2332 1248 2396 pars
1270 2311 1354 2376 illius

155 2380 362 2489 'ii‘lai’rinii‘
371 2413 497 2478 ecclesie
530 2414 682 2482 catholice
696 2415 718 2461 *
732 2436 795 2501 que
831 2430 879 2480 est
915 2416 947 2480 in
980 2437 1097 2502 magno
1140 2430 1282 2502 tempore
1324 2424 1428 2480 etrus·

156 2484 267 2591 aaaiiiei
280 2483 360 2583 iai'au
370 2537 496 2602 semper
517 2533 590 2603 post
612 2520 698 2584 diem
721 2520 839 2604 iudicii,
867 2520 929 2584 'sed
952 2520 984 2585 in
1008 2505 1097 2584 nullo
1119 2520 1248 2584 instanti
1272 2533 1352 2586 tem-

198 2589 318 2636 mm'
371 2621 455 2706 poris
478 2638 524 2688 est
546 2645 602 2710 per
622 2639 727 2690 toturn
750 2640 822 2690 ante
850 2626 1060 2690 novissimum
1081 2626 1218 2690 electum
1241 2646 1298 2690 nec
1321 2626 1353 2690 in

370 2726 476 2812 aliqua
506 2743 595 2812 parte
626 2729 697 2793 talis
731 2730 893 2814 temporis,
923 2745 953 2795 et
985 2731 1055 2795 talis
1087 2730 1217 2795 ecclesia
1245 2731 1352 2816 augeri
1366 2756 1398 2793 ao

370 2841 474 2914 potest
504 2833 558 2896 sed
590 2852 656 2897 non
691 2833 804 2916 minui,
838 2855 901 2898 non
934 2836 1021 2920 quod
1044 2837 1154 2900 eadem
1178 2836 1354 2901 multitudo

370 2936 654 3018 predestinatorum
687 2939 721 3001 in
745 2959 878 3004 numero
905 2939 945 3004 sit
969 2961 1053 3004 nunc
1076 2942 1182 3024 plures
1206 2939 1354 3004 homines

372 3054 402 3103 et
436 3062 519 3106 nunc
552 3044 730 3128 pauciores,
773 3046 827 3108 sed
865 3045 952 3129 quod
990 3044 1075 3108 idem
1106 3065 1280 3110 commuue
1314 3048 1354 3108 ad

372 3159 512 3209 sanctam
537 3148 670 3212 totalem
692 3148 855 3212 ecclesiam
879 3147 1068 3214 militantem
1088 3150 1127 3215 sit
1143 3172 1228 3214 nunc
1251 3151 1354 3215 maius

371 3262 401 3311 et
428 3271 513 3314 nunc
539 3252 657 3333 minus,
684 3253 765 3317 sicut
792 3252 933 3339 loquitur
958 3255 1108 3339 scriptura
1133 3260 1204 3318 Act.
1233 3255 1290 3318 Vl⁰
1315 3255 1353 3316 de
1364 3263 1396 3315 25

370 3370 525 3420 crescente
536 3378 668 3421 numero
679 3358 918 3442 discipulorum.
931 3359 1020 3423 Sicut
1035 3379 1109 3442 ergo
1125 3359 1211 3420 idem
1227 3373 1353 3442 tempus

371 3457 402 3520 in
441 3479 574 3525 numero
604 3482 669 3524 non
703 3462 874 3526 maioratur
904 3464 953 3526 vel
986 3463 1172 3541 minoratur,
1211 3462 1253 3524 sic
1295 3483 1353 3526 nec

371 3566 480 3628 eadem
514 3565 643 3630 ecclesia
676 3567 709 3629 in
740 3587 875 3630 numero
899 3567 958 3630 nisi
982 3567 1166 3650 accipiendo
1190 3567 1353 3630 ecclesiam

370 3670 580 3734 communiter
618 3690 676 3755 pro
714 3672 815 3756 capite
853 3686 883 3735 et
918 3691 1110 3757 quacunque
1150 3670 1354 3734 multitudine

370 3773 456 3837 totali
473 3775 688 3839 membrorum
706 3796 848 3839 suorum.
860 3775 910 3840 Sic
924 3776 1011 3839 enim
1026 3775 1199 3840 maioratur
1214 3776 1352 3859 ecclesia,
1364 3783 1397 3834 30

370 3891 406 3940 ut
427 3877 526 3942 homo
548 3894 650 3943 stante
673 3879 792 3944 unitate
815 3881 924 3965 capitis
947 3895 983 3945 ut
1005 3880 1118 3945 anime.
1142 3882 1205 3945 Sed
1224 3881 1282 3945 ista
1298 3902 1351 3945 ve·

369 3980 442 4043 ritas
465 3983 629 4049 necessitat
650 3985 691 4048 ad
713 3987 899 4069 ponendum
917 3987 1005 4070 quod
1025 3985 1210 4070 omniaque
1226 3983 1353 4051 luerunt

368 4084 418 4147 vel
449 4101 539 4151 erunt
572 4101 647 4152 sunt
679 4109 738 4172 pro
779 4109 838 4153 suo
874 4105 1015 4174 tempore
1047 4091 1212 4154 causancia
1249 4111 1352 4154 unum

369 4187 536 4274 integrum,
568 4193 659 4257 cuius
692 4214 764 4277 pars
796 4210 842 4258 est
872 4215 932 4278 pro
961 4208 1049 4278 parte
1072 4195 1224 4281 temporis
1246 4195 1351 4260 totalis

409 4443 484 4491 rma
499 4447 540 4492 aed
555 4446 634 4494 lolllo
649 4447 753 4496 laetanti.
821 4447 1053 4508 manderemus
1068 4450 1152 4510 aliqua.
1224 4450 1351 4510 sinn

368 4516 498 4563 muudum
511 4517 575 4576 qood
590 4517 662 4565 idem.
