3262 5226
312 450 434 548 crea]
681 469 728 524 ns
746 470 925 523 suessan.
1456 449 1512 513 ¹¹3
1573 428 1614 552 ‚¹⁴

100 682 103 687 -
192 654 294 719 8¹44·
303 631 499 710 christianus,
522 628 578 692 sed
601 627 670 711 ipse
693 614 879 692 Christusa
911 645 978 710 quo
1010 623 1125 688 dicitur
1158 624 1292 709 quilibet

302 734 499 813 christianus,
525 744 558 795 et
586 750 645 816 per
671 749 880 815 consequens,
916 748 973 792 nec
1005 741 1053 792 est
1082 729 1123 791 de
1155 747 1291 791 numero

301 838 524 903 salvandorum
545 853 606 898 nec
629 846 726 918 caput
740 853 798 897 nec
820 832 928 918 aliqua
949 852 1023 917 pars
1037 830 1165 895 ecclesie
1179 830 1289 895 catho-

301 942 369 1022 lice.
383 942 467 1007 Nam
482 962 500 1003 a
516 938 645 1004 Christo
661 951 697 1003 ut
708 937 809 1022 capite
824 934 1073 1001 denominantur
1087 933 1195 1000 fideles
1210 935 1289 1001 servi
1300 943 1514 1044 ”addim

280 1046 419 1112 §Christi
441 1041 602 1109 christiani
626 1039 677 1129 (ut
698 1054 785 1125 patet
806 1045 877 1105 Act.
901 1036 970 1122 Xll,
1003 1037 1070 1128 26).
1102 1040 1188 1125 Ergo
1209 1040 1293 1106 sicut
1301 1008 1335 1093 ⁰0¹
1346 1049 1388 1096 rue
1402 1011 1507 1097 Cim

302 1151 467 1215 Romanus
491 1169 558 1212 non
582 1160 631 1211 est
652 1146 758 1210 Roma
792 1165 850 1209 nec
874 1144 1036 1209 lsrahelita
1066 1144 1134 1230 ipse
1165 1142 1291 1228 Israhel,

301 1268 333 1319 et
346 1253 489 1335 breviter,
505 1252 594 1317 nulla
603 1250 770 1336 generacio
779 1249 903 1335 passiva
918 1263 966 1314 est
977 1249 1085 1335 ipsum
1098 1249 1291 1336 principium

300 1378 461 1443 generans,
484 1357 528 1421 sic
544 1357 653 1421 nullus
668 1355 858 1420 christianus
872 1368 921 1420 est
937 1354 1082 1421 Christus
1092 1356 1147 1418 sed
1162 1353 1291 1437 Christi,

301 1476 333 1527 et
357 1462 473 1547 periret
500 1459 579 1525 fides
613 1459 766 1544 scripture
801 1460 840 1522 de
871 1459 975 1544 capite
1005 1472 1038 1524 et
1067 1459 1107 1523 de
1140 1460 1292 1525 memhris

260 1587 292 1624 10
302 1567 447 1649 ecclesie;
470 1580 502 1631 et
517 1565 624 1631 multo
639 1563 822 1628 evidencius
835 1563 1082 1650 sequitur.quod
1097 1565 1188 1629 beata
1201 1564 1292 1652 uirgo

302 1693 365 1735 non
390 1670 450 1735 luit
473 1670 658 1734 membrum
674 1668 757 1734 illius
774 1669 913 1751 ecclesie,
929 1668 1005 1755 quia
1017 1668 1051 1732 in
1066 1682 1176 1734 sancto
1185 1669 1292 1736 triduo

301 1798 365 1841 non
388 1774 448 1840 luit
461 1774 515 1839 illa
537 1773 670 1839 ecclesia
684 1794 742 1837 nec
760 1772 821 1839 luit
834 1773 992 1858 posterius
1008 1773 1069 1837 sibi
1082 1774 1291 1860 incorporata.

269 1879 412 1954 aTercio
444 1880 589 1966 sequitur
620 1879 710 1965 quod
743 1879 831 1943 nulla
866 1879 908 1943 sit
937 1879 1008 1943 talis
1045 1879 1185 1961 ecclesia,
1217 1878 1292 1965 quia
1318 1887 1501 1989 'spari-:phot

261 2004 289 2056 15
301 1985 388 2049 nulla
402 1985 576 2050 multitudo
592 1984 741 2050 omnium
757 1983 1154 2049 christianorumhabetex
1168 1983 1293 2068 integro
1323 2006 1398 2041 never
1411 1996 1489 2051 saep·
1626 2031 1630 2059 ι

301 2090 433 2153 eandem
457 2104 578 2154 rectam
601 2089 710 2170 fidem,
733 2102 804 2152 tum
819 2087 896 2173 quia
911 2087 1066 2153 defective
1089 2102 1121 2153 et
1143 2104 1293 2174 corrupte
1309 2046 1350 2093 ὼε
1363 2047 1503 2145 ‘illiti-⁰³⁸⁸

299 2193 393 2259 habet
415 2195 592 2259 multitudo
615 2193 765 2258 omnium
781 2193 1028 2258 christianorum
1051 2191 1148 2257 fidem
1164 2193 1293 2276 Christi,

300 2310 368 2361 tum
391 2299 491 2362 eciam
512 2298 725 2384 quianullum
748 2319 847 2363 unam
869 2296 968 2362 fidem
990 2297 1232 2362 habentomnes
1246 2298 1293 2362 illi

299 2401 457 2466 christiani
480 2423 538 2466 nec
560 2423 622 2488 pro
644 2403 748 2489 specie
762 2423 821 2467 nec
842 2423 903 2487 pro
926 2415 1106 2488 aggregato.
1129 2404 1196 2469 Nec
1210 2403 1294 2468 valet

24 2542 44 2591 ,ι
90 2478 126 2603 ,ἶ
258 2505 360 2570 roboc
392 2507 573 2590 sophisma:
613 2507 667 2573 lsti
696 2507 812 2572 babent
834 2505 944 2589 fidem,
966 2509 1022 2572 sed
1047 2507 1168 2572 nullam
1195 2506 1294 2573 fidem

299 2611 423 2676 habent.
440 2614 506 2676 Nec
521 2613 607 2677 valet
622 2610 741 2697 fingere
757 2611 855 2676 fidem
877 2633 941 2698 que
956 2612 1104 2693 creditur,
1127 2611 1294 2699 quietalis

300 2716 536 2801 neganturasic
552 2717 762 2798 describente,
785 2731 817 2782 et
828 2716 890 2780 illis
912 2717 1026 2803 positis
1042 2717 1160 2781 inculte
1182 2736 1293 2800 aggre-

299 2835 413 2904 gantur
434 2821 467 2884 in
489 2820 707 2907 descripcione
724 2838 791 2887 tam
806 2823 897 2887 anxie
914 2823 1082 2888 elaborata.
1099 2824 1185 2889 Nam
1198 2821 1293 2888 multi

300 2924 458 2989 christiani
474 2924 595 2991 habent
611 2926 709 2991 fidem
732 2927 824 2991 valde
846 2926 986 3012 peccatis
1002 2926 1210 3013 obliquatam,
1226 2940 1291 2991 tam

258 3032 289 3085 25
299 3028 421 3111 presciti
445 3051 545 3115 quam
559 3031 778 3116 predestinati,
795 3033 934 3096 etmulti
950 3031 1136 3117 simpliciter
1149 3030 1303 3098 iulideles¹

300 3131 415 3198 babent
436 3133 534 3198 fidem
557 3136 711 3200 creditam
734 3136 825 3201 valde
846 3151 978 3201 rectam.
1016 3164 1019 3169 ¹

126 3202 129 3207 Ι
225 3238 290 3292 '1¹4
341 3238 464 3315 Quarto
477 3241 622 3325 sequitur
632 3243 722 3326 quod
732 3262 790 3305 nec
800 3241 938 3325 apostoli
949 3261 1008 3305 nec
1017 3240 1069 3305 alii
1080 3239 1188 3306 fideles
1202 3257 1292 3308 eram
1318 3259 1372 3308 ts·
1381 3264 1490 3320 apsaro

299 3341 485 3426 deecclesia,
503 3358 680 3431 antequam
695 3345 774 3411 fides
791 3345 851 3410 luit
865 3367 922 3430 per
932 3345 1097 3412 Christum
1113 3360 1145 3411 et
1160 3362 1290 3432 aposto·
1308 3314 1394 3413 aiibi
1407 3315 1513 3422 hina

299 3443 347 3506 los
361 3445 520 3531 diyulgata
541 3463 573 3514 et
595 3472 615 3516 a
637 3450 753 3516 sanctis
778 3449 920 3534 patribus
942 3449 976 3514 in
999 3449 1145 3528 consiliis
1161 3473 1291 3544 genera·
1321 3419 1496 3517 iiii'siiito'ii

128 3524 136 3543 ⁴
255 3550 290 3603 30
298 3547 379 3611 libus
394 3550 566 3638 declarata;
582 3558 672 3640 quod
688 3554 750 3620 luit
764 3555 819 3619 diu
834 3568 910 3640 post
925 3555 1145 3620 ascensionem
1167 3555 1290 3620 domini
1300 3523 1514 3622 :iiiiii‘iiiri-

300 3663 329 3713 et
351 3666 488 3718 mortem
510 3661 745 3742 apostolorum.
778 3661 860 3724 Nam
885 3680 983 3725 nemo
1007 3660 1068 3726 luit
1090 3661 1129 3724 de
1161 3660 1291 3725 ecclesia
1314 3628 1358 3675 Μ
1371 3627 1495 3675 mm

299 3755 460 3841 catholica,
472 3775 648 3848 antequam
663 3765 716 3829 illa
731 3763 801 3848 luit,
814 3765 869 3829 sed
878 3763 933 3827 illr
948 3785 1015 3829 non
1032 3763 1103 3847 fait,
1116 3778 1290 3851 antequam

299 3858 357 3924 luit
377 3861 420 3926 ita
441 3867 530 3948 quod
552 3868 608 3932 illa
630 3884 692 3935 est:
717 3871 773 3934 sed
795 3889 870 3935 cum
892 3890 961 3933 non
982 3868 1043 3934 luit
1063 3868 1108 3934 ita
1129 3869 1219 3956 quod
1238 3868 1316 3957 illa·

336 4147 359 4193 9.
372 4139 446 4196 Aba
464 4139 541 4198 capite
555 4149 580 4187 et
600 4143 723 4190 membris.
843 4154 875 4190 re.
895 4144 919 4189 Α
934 4144 980 4200 Aa
1004 4149 1027 4189 et
1047 4142 1170 4190 multe-
1190 4142 1292 4191 ecclesie

297 4203 368 4252 deest.
473 4219 508 4254 ao.
523 4209 554 4255 aa
569 4214 616 4258 boe
631 4215 721 4260 colons
735 4211 787 4259 lstl.
865 4224 897 4259 ar.
912 4215 936 4260 Α
945 4214 992 4271 Δρ
1011 4213 1100 4271 fingere
1117 4225 1165 4273 que
1179 4214 1292 4262 ereditur.

298 4285 331 4328 η.
344 4276 366 4321 Α
385 4276 409 4322 lo
431 4290 518 4336 marga
547 4283 696 4340 Argumenta
724 4291 807 4330 centra
820 4284 941 4343 quandem
971 4282 1162 4342 dercrlpclenem
1190 4284 1292 4332 eceleele

298 4345 405 4392 contione
418 4348 488 4395 lutra.
502 4349 571 4406 sl'lrir
585 4353 607 4398 ts
622 4355 701 4400 below
714 4363 769 4410 ¹⁴⁴·
787 4354 885 4401 without
898 4353 966 4400 mark
979 4352 1008 4401 el
1019 4353 1159 4412 reference.)
1211 4365 1250 4415 ep.
1262 4354 1290 4401 ln

297 4415 366 4462 codd.
381 4418 536 4478 plerumquer
551 4423 660 4470 euurlllls
673 4437 718 4483 pre
731 4424 848 4471 eoncillle·
864 4417 867 4425 ¹
