3262 5226
274 410 390 505 canu]
651 423 699 477 or.
716 421 895 477 recussu.
1316 374 1320 383 ¹
1452 408 1493 474 33

124 668 132 679 ⁴
193 609 261 665 σε
314 591 402 670 ltem,
430 605 526 650 nemo
554 580 590 646 fit
612 578 781 664 perplexus
808 600 846 642 ex
869 578 937 662 lege
960 576 1078 641 Christi
1106 577 1495 694 ⁰b¹issflm⁸ffffid⁸ssffiffi2

205 678 310 757 ¹3²‘ad
332 688 536 777 impossibile,
558 686 614 749 scd
636 683 699 746 hoc
716 682 913 766 contingeret
928 682 1002 745 data
1017 680 1075 744 ista
1090 696 1495 795 sentencratroropippoennr

126 762 134 827 i
160 857 164 863 .
248 816 345 883 tergo
367 807 494 878 oportet
516 791 620 876 ipsum
642 807 710 851 esse
732 785 948 850 mendacium.
973 784 1090 849 Minor
1112 786 1266 869 probatur
1372 761 1417 795 Μ

126 880 134 983 ζ
271 921 326 986 per
353 898 414 962 hoc
441 896 530 982 quod
558 891 651 956 multi
674 889 811 955 infantes
834 889 942 954 statim
965 902 1041 975 post
1068 889 1266 974 baptismum

128 990 134 1013 ²
246 1001 387 1073 smortui
402 1020 470 1063 non
484 997 603 1062 habent
622 994 841 1078 prudenciam,
865 1007 901 1057 ut
916 993 1019 1058 taliter
1033 993 1158 1059 subsint
1171 1015 1267 1080 pape,

130 1088 136 1099 ¹
271 1127 328 1171 nec
349 1105 479 1168 virtutes
501 1099 605 1164 infuse
631 1097 788 1163 inclinant
818 1097 860 1160 ad
891 1097 989 1161 talem
1019 1096 1266 1181 subieccionem‚

271 1213 351 1277 sicut
371 1207 524 1272 inclinant
546 1205 586 1268 ad
611 1202 849 1267 subieccionem
871 1201 1007 1268 domino
1029 1202 1104 1267 Jesu
1127 1201 1265 1267 Christo.

271 1317 313 1382 Et
333 1315 417 1379 idem
440 1311 564 1374 videtur
586 1310 625 1373 de
648 1307 758 1373 multis
782 1306 929 1371 fidelibus
951 1306 1068 1371 adultis
1085 1306 1119 1371 in
1136 1307 1267 1372 diversis
1340 1316 1345 1323 “

271 1419 381 1484 insulis
410 1415 466 1502 qui
494 1434 598 1500 neque
626 1412 652 1476 si
679 1427 727 1477 est
754 1411 941 1476 huiusmodi
969 1433 1055 1497 papa
1086 1411 1265 1477 audierunt.

243 1542 264 1595 2
314 1520 472 1603 Similiter,
495 1540 555 1604 pro
578 1532 723 1603 tempore
747 1516 955 1581 intercidente
974 1515 1058 1581 inter
1072 1530 1192 1581 mortes
1207 1537 1264 1601 pa·
1283 1529 1419 1577 arulum
1442 1544 1485 1579 m

272 1647 385 1713 parum
406 1638 481 1689 sunt
503 1621 665 1687 christiani
688 1641 771 1706 eque
794 1619 904 1684 fideles
933 1633 971 1686 ut
1001 1635 1076 1685 ante
1098 1622 1149 1685 vel
1180 1583 1494 1734 pmitniiiiirffi

272 1745 398 1796 etcum
420 1743 497 1792 tunc
521 1748 586 1791 non
602 1741 678 1791 sunt
701 1726 745 1789 sic
768 1725 897 1808 subditi,
920 1724 1064 1810 sequitur
1082 1726 1173 1810 quod
1194 1726 1267 1791 talis
1300 1747 1349 1786 rm
1363 1739 1457 1798 espec

274 1832 430 1899 subiectio
466 1852 534 1896 non
571 1830 612 1895 sit
646 1831 686 1894 de
723 1829 909 1895 necessitate
946 1828 1058 1895 salutis
1100 1830 1269 1895 cuiuslibet

127 1384 140 1457 ἔ

274 1935 443 2003 christiani.
471 1935 541 2000 Stat
562 1948 672 1998 autem
694 1932 851 1998 infantem
870 1933 906 1997 in
928 1933 984 1998 illo
1000 1933 1170 1998 meditulio
1184 1947 1266 2000 tem·

235 2041 358 2127 riporis
381 2038 476 2122 nasci,
498 2038 651 2123 baptizari
674 2053 707 2103 et
729 2037 810 2103 mori
834 2057 932 2123 quem
948 2050 1079 2123 oportet
1094 2040 1268 2103 concedere

128 2212 131 2217 ,
272 2145 392 2227 salvari,
424 2143 497 2208 licet
518 2163 585 2207 non
608 2141 648 2206 sit
670 2142 831 2207 subiectus
853 2141 909 2207 tali
932 2144 1084 2207 Romano
1111 2141 1266 2228 pontifici.

137 2256 146 2275 ''
244 2249 434 2331 uSimiliter,
457 2248 482 2313 si
498 2246 631 2312 ecclesia
646 2247 787 2311 militans
811 2245 968 2331 indigeret
994 2261 1123 2312 tantum
1145 2245 1269 2312 influxu

145 2342 149 2420 [
275 2354 369 2419 huius
391 2372 484 2438 pape,
515 2351 642 2416 ridetur
663 2353 754 2437 quod
785 2352 963 2437 decapitata
996 2352 1125 2418 sentiret
1155 2353 1270 2418 saltem

144 2452 156 2553 ἰ
277 2459 308 2523 in
335 2457 447 2523 effectu
478 2455 738 2521 subtractionem
770 2456 928 2542 suffragii3
959 2457 1004 2522 sic
1036 2456 1124 2522 enim
1154 2455 1270 2542 periret

99 2561 106 2573 ’
150 2590 156 2607 ··
235 2594 266 2630 20
276 2577 381 2627 sancta
414 2575 517 2627 mater
548 2560 678 2626 ccclesia
716 2561 818 2625 eciam
857 2561 1016 2645 interduo,
1054 2561 1115 2626 nisi
1142 2559 1272 2627 haberet

275 2665 477 2730 influenciam
510 2664 635 2729 domini
666 2665 740 2729 Jesu
772 2664 900 2731 Christi.
935 2666 977 2731 Et
1009 2664 1037 2730 si
1071 2665 1179 2730 solum
1214 2685 1273 2751 per

154 2764 160 2859 ¹·
275 2770 415 2836 accidens
437 2770 496 2834 iste
524 2768 641 2852 influit,
674 2771 845 2856 quomodo
868 2783 916 2836 est
937 2770 1000 2835 hoc
1022 2771 1063 2836 de
1085 2770 1271 2854 necessitate

151 2874 161 2969 i
276 2875 383 2939 salutis
403 2869 552 2939 ecclesie?
1115 2891 1119 2899 ’

158 3050 163 3069 -.
246 2994 269 3046 4
319 2979 477 3062 Similiter,
492 2991 569 3043 tunc
584 2979 626 3042 ad
640 2980 880 3064 perversionem
894 2978 1019 3044 domini
1035 3000 1119 3066 pape
1135 2978 1271 3045 necessi·

236 3098 266 3151 ss
276 3096 391 3148 teretur
420 3097 508 3148 totus
536 3085 679 3169 populus
707 3083 896 3149 christianus
917 3083 1066 3170 perverti,
1096 3104 1172 3149 curn
1194 3098 1272 3150 tuuc

159 3190 164 3263 s
276 3187 418 3251 deficeret
440 3187 498 3251 sibi
521 3188 623 3271 salus3
645 3189 702 3253 sed
719 3188 849 3255 maioris
864 3189 962 3275 partis
977 3190 1107 3255 ecclesie
1120 3188 1271 3275 potestati

277 3311 342 3355 non
371 3291 477 3355 subest
499 3293 589 3377 quod
611 3314 696 3378 papa
718 3293 760 3359 sit
781 3293 944 3359 moraliter
966 3295 1088 3361 bonus:
1113 3314 1190 3379 ergo
1212 3312 1271 3358 nec

163 3398 168 3475 j
279 3394 364 3480 quod
386 3393 455 3479 ipsa
471 3394 512 3460 sit
526 3396 689 3462 moraliter
703 3397 799 3462 bona
822 3399 929 3463 Nemo
944 3398 1031 3463 enim
1046 3411 1154 3485 potest
1167 3397 1271 3463 dicere

276 3497 363 3583 quod
392 3517 516 3583 epapa
547 3500 684 3585 prescito
716 3516 753 3566 ut
783 3504 931 3567 membro
963 3502 1082 3568 diaboli
1101 3490 1272 3588 dependet

162 3604 168 3691 J
235 3617 269 3669 30
277 3602 359 3664 salus
380 3601 546 3668 cuiuslibet
568 3604 741 3690 christiani,
763 3627 822 3671 nec
837 3607 953 3693 aliquis
967 3605 1067 3693 finget
1082 3608 1172 3694 quod
1186 3599 1271 3693 papa

157 3698 166 3713 ⁹
278 3703 310 3767 in
332 3719 487 3790 quantum
509 3707 696 3774 huiusmodi
720 3710 761 3777 sit
783 3709 991 3776 confirmatus
1013 3711 1048 3776 in
1068 3710 1184 3798 gracie
1268 3786 1271 3790 ⁴

247 3824 267 3878 b
319 3808 477 3894 Similiter,
487 3813 657 3898 supposito
672 3815 764 3900 quod
778 3837 863 3901 papa
879 3814 1057 3902 decrepitus
1073 3817 1164 3882 cedat
1171 3835 1270 3903 pape·

131 3951 136 3961 -
276 3912 324 3977 tui
346 3928 376 3978 et
392 3917 540 3980 succedat
553 3917 634 3982 elius
650 3918 760 3984 minus
777 3920 894 4003 bonus
917 3919 1000 3985 sicut
1017 3920 1144 3986 videtur
1161 3919 1272 3985 multis
1345 3938 1347 3942 ⁴

159 4000 166 4023 '
277 4018 476 4101 probabiliter
499 4019 597 4086 fuisse
620 4024 660 4086 de
684 4023 847 4089 Celestino
871 4038 903 4089 et
924 4024 1091 4090 Boniiacio
1113 4025 1201 4092 Vlll⁰
1213 4023 1271 4112 qui

150 4108 166 4191 i
317 4162 353 4207 ²⁴·
367 4153 401 4199 sl.
413 4153 445 4199 Bc
464 4167 486 4201 n.
504 4154 622 4205 relarstnr.
702 4172 739 4221 ²⁹·
754 4161 789 4207 As
809 4160 877 4207 scito.
897 4160 929 4218 Α,
942 4171 1005 4207 corr.
1019 4160 1044 4208 ln
1058 4173 1138 4220 margi
1157 4160 1271 4220 preaelto.
1335 4134 1339 4141 Ι

154 4194 170 4351 i
318 4258 359 4325 34.
374 4261 505 4315 Celestine
522 4263 564 4330 V..
586 4263 633 4318 the
650 4267 827 4337 predecessor
843 4267 876 4320 ol
890 4267 1016 4322 Bonilacs
1035 4269 1104 4323 Vlll.
1122 4285 1179 4323 was
1196 4270 1271 4340 Pope

156 4354 171 4441 ¹:¹
276 4342 343 4398 l'rom
359 4346 420 4418 July
439 4347 464 4415 ⁵,
485 4363 552 4420 ¹²94
568 4361 597 4403 to
615 4352 680 4407 Dec.
701 4353 742 4419 13,
763 4370 838 4427 1294.
1119 4396 1122 4402 ·

155 4446 159 4463 ·
1168 4443 1184 4498 3
