3262 5226
625 370 629 377 Ι
704 288 876 347 ronanus
890 288 1042 343 wvcutt.
1205 268 1359 363 [canum.

374 450 471 517 'lane
493 450 580 515 enim
600 448 739 535 apostoli
762 446 910 512 iecissent
925 444 1115 511 elemosinas
1130 444 1224 509 nimis
1239 458 1435 533 parcas‚1a9t
1449 462 1466 517 1

374 569 407 621 et
428 554 606 621 mundiales
637 552 865 617 extollerentur
884 568 982 635 supra
1005 548 1174 635 precipuos
1195 546 1360 635 religiosos

374 658 408 724 in
429 658 555 741 merito,
569 658 761 741 duceturque
776 654 971 721 secularibus
985 652 1111 719 occasio
1126 654 1166 719 ad
1182 652 1359 717 inordinate

173 777 260 827 oran·
272 776 347 825 ntur
374 764 574 849 querendum
595 774 628 827 et
648 760 690 825 sd
704 758 883 825 inordinate
897 757 1101 823 retinendum
1115 759 1201 823 bona
1222 757 1359 839 fortune,

174 830 329 937 rua'ifflb‘
293 882 326 941 ay
338 893 353 928 ι
374 879 412 932 ut
425 866 458 931 in
471 864 534 931 line
549 864 719 930 condendo
733 865 853 948 grande
872 876 1102 927 testamentum
1117 864 1193 926 de'nt
1206 863 1357 947 grandem
1370 878 1383 930 5

166 936 235 991 '⁸¹⁸⁸
249 937 358 991 “⁴⁸⁶⁸
374 970 584 1035 elemosinam
604 967 752 1033 abbathie
774 967 826 1031 rel
848 968 944 1047 clero,
967 966 1043 1052 quia
1064 981 1185 1031 certam
1204 967 1358 1051 estquod

374 1074 659 1160 proportionaliter
679 1075 721 1138 ad
742 1072 950 1139 elemosinam
972 1073 1022 1136 vel
1045 1093 1128 1157 opus
1148 1070 1359 1137 misericordie

374 1178 503 1245 viatoris
524 1192 574 1245 est
594 1178 822 1243 beatificandus
843 1177 877 1242 ia
898 1176 1011 1264 patris.

417 1284 511 1349 Unde
524 1281 619 1370 logici
634 1295 835 1367 cognoscunt
850 1281 1018 1367 quomodo
1034 1282 1107 1346 data
1122 1280 1297 1349 elemosina
1312 1293 1359 1344 est

374 1385 434 1451 alia
455 1386 573 1469 maior3
615 1406 679 1473 que
705 1386 841 1451 aliaest
867 1384 965 1470 priori
993 1385 1228 1471 quantumlibet
1257 1384 1359 1448 maior
1372 1408 1413 1451 ιο·

375 1490 558 1556 elemosine.
602 1491 696 1557 Unde
724 1489 882 1575 contingit
912 1490 1002 1575 quod
1025 1504 1122 1573 potus
1143 1509 1226 1575 aque
1249 1488 1359 1574 frigide

375 1596 415 1659 sit
435 1594 539 1660 maior
570 1596 746 1660 elemosine
776 1594 864 1660 danti
894 1615 933 1659 ex
965 1593 1151 1678 simpliciori
1165 1594 1186 1641 *
1200 1593 1297 1658 oculo
1329 1606 1360 1656 et
1373 1607 1431 1677 ιιι·

375 1698 489 1763 maiori
512 1698 637 1763 fervore
659 1698 806 1787 caritatis,
828 1719 928 1784 quam
951 1696 1012 1762 luit
1033 1698 1161 1763 dotacio
1183 1717 1248 1782 qua
1270 1697 1359 1764 Con·

367 1786 532 1867 'staatinus
564 1803 686 1867 dotavit
718 1802 894 1883 ecclesiam,
927 1803 978 1866 rel
1012 1803 1186 1867 elemosina
1216 1823 1280 1888 qua
1307 1823 1360 1867 rex

375 1918 516 1971 terrenus
539 1905 683 1971 fundavit
703 1906 948 1990 grandissimam
970 1907 1162 1972 abbathiam.
1195 1906 1276 1972 Nam
1300 1906 1358 1971 nisi
1374 1925 1403 1977 15

375 2009 536 2095 spirituale
557 2032 641 2094 opus
664 2011 879 2076 misericordie
895 2011 1054 2096 prevaleat
1075 2012 1243 2096 corporali,
1258 2026 1360 2076 stante

375 2114 438 2180 isto
474 2134 567 2180 cursu
608 2115 748 2197 ecclesie,
779 2115 904 2179 domini
937 2117 1094 2181 seculares
1126 2115 1229 2182 forent
1264 2117 1361 2181 nimis

376 2219 500 2284 exaltati
530 2220 564 2283 in
595 2220 665 2285 celo
696 2234 728 2284 et
759 2219 816 2284 viri
844 2220 1014 2304 apostolici
1043 2221 1137 2285 nimis
1161 2222 1362 2287 mediocriter

375 2322 532 2408 premiati.

157 2444 183 2497 t}
197 2440 367 2506 weolentio
419 2428 462 2492 Et
482 2442 570 2513 patet
590 2431 631 2493 ad
653 2430 856 2550 questionem
879 2451 943 2517 qua
965 2430 1119 2516 queritur,
1135 2430 1185 2494 cui
1206 2430 1401 2501 secularem

206 2494 341 2607 elffii}
376 2531 488 2597 darent
509 2534 698 2598 elemosinas
721 2534 780 2598 nisi
803 2535 905 2616 clero·‚
936 2555 1012 2600 nam
1035 2535 1096 2597 illis
1119 2548 1267 2599 tenentur
1287 2537 1361 2600 dare

158 2558 367 2708 ‘uirilis‘ieil‘p'if
376 2636 548 2721 prudenter
583 2638 629 2701 de
659 2652 781 2723 quanto
819 2639 1011 2703 sustinerent
1050 2659 1163 2703 eorum
1198 2638 1362 2724 privilegia

218 2704 305 2763 ω’*
376 2740 450 2804 data
472 2762 491 2805 a
513 2740 651 2823 Christo,
674 2757 705 2807 et
728 2743 952 2807 continuarent
974 2763 1088 2807 eorum
1115 2742 1362 2828 disposicionem

376 2845 416 2908 ad
447 2846 687 2929 rependendum
719 2847 909 2912 elemosinas
932 2847 1121 2932 spirituales.
1144 2849 1231 2913 Alias
1254 2863 1362 2913 autem

375 2948 566 3013 elemosinas
589 2952 700 3015 darent
724 2947 929 3035 co'rporaliter
951 2952 1054 3036 magis
1076 2954 1250 3038 egentibus.
1268 2955 1405 3024 Unde25

374 3052 400 3114 si
423 3073 461 3116 ex
483 3073 555 3116 ceca
579 3054 694 3137 pietate
718 3063 750 3121 et
773 3055 850 3120 lalsa
873 3055 1088 3121 misericordia
1111 3058 1204 3121 nimis
1227 3075 1361 3123 onerant

190 3188 219 3233 ,η
233 3188 329 3251 beyond
376 3156 496 3220 clerum
519 3177 592 3221 cum
616 3161 818 3242 possessione
840 3160 934 3240 civili,
967 3162 1124 3244 contingit
1146 3184 1200 3226 eos
1223 3185 1260 3227 ex
1287 3164 1361 3227 hinc

155 3241 552 3351 ‘lt’gllsspggss‘uncidere
543 3283 575 3325 ιιι
608 3265 979 3329 excommunicationem
1012 3280 1042 3330 et
1074 3266 1208 3329 heresim
1237 3268 1362 3331 racione

375 3366 548 3429 ablacionis
579 3367 712 3451 primevi
744 3369 897 3454 privilegii
929 3370 1070 3434 concessi
1096 3391 1113 3432 a
1136 3369 1264 3434 Christo
1297 3373 1363 3436 suis

375 3469 548 3554 discipulis,
581 3487 617 3535 ut
644 3474 790 3537 meminit
812 3474 927 3538 Canon
958 3475 1061 3537 xxt1=
1085 3475 1114 3538 d.
1146 3474 1277 3539 Omnes.
1324 3478 1364 3539 Et
1375 3492 1408 3544 30

375 3572 417 3637 ita
448 3578 590 3640 concedo
622 3580 710 3662 quod
748 3580 876 3644 dotacio
914 3580 1043 3643 ecclesie
1082 3580 1140 3644 luit
1177 3579 1363 3644 altrinsecus

376 3679 546 3762 meritoria,
569 3683 624 3745 sed
648 3683 777 3747 dotacio
792 3705 830 3747 ac
847 3699 948 3749 status
964 3685 998 3747 in
1013 3706 1080 3769 quo
1096 3684 1240 3748 Christus
1262 3684 1364 3768 ipsam

416 3910 437 3955 7.
451 3900 474 3944 Α
493 3897 517 3943 ln
535 3911 624 3955 margi
645 3899 782 3948 Conclusio.
888 3916 922 3950 ro.
943 3903 974 3949 ll:
996 3905 1077 3961 parler
1094 3904 1273 3964 quantumlibet.
1301 3905 1364 3951 Ala

376 3978 463 4023 marga
481 3966 551 4014 Nota.
658 3973 691 4017 16.
706 3973 736 4017 tta
759 3973 870 4029 prevalet.
975 3986 1013 4019 aa.
1033 3976 1054 4019 Α
1073 3975 1097 4019 ln
1116 3988 1203 4031 marga
1224 3971 1363 4019 Conclusio.

375 4035 410 4080 lo.
425 4036 442 4080 tt
457 4037 480 4082 la
496 4049 585 4095 marga
598 4039 704 4086 Ecclesia
718 4043 813 4088 dotrelo
826 4042 870 4088 fult
884 4043 1015 4090 meritoria.

419 4195 460 4248 30.
481 4197 555 4249 Decr.
575 4196 586 4249 l
604 4214 676 4267 pars,
694 4200 720 4253 d.
739 4202 819 4266 ΧΧΙΙ,
836 4218 860 4257 e.
878 4203 898 4255 1.
