3262 5226
401 515 472 565 car.
485 498 539 593 xa]
770 518 817 571 na
835 519 1011 581 noctram
1029 542 1032 548 ·

290 701 315 753 ι,
335 696 440 753 iores
473 681 587 744 talibus
619 677 716 762 signis
748 677 947 742 sensibilibus
982 698 1047 741 non
1075 677 1111 742 lit
1138 680 1391 765 demonstratio,
1419 674 1422 679 ’

403 808 477 852 cum
509 799 613 870 potest
644 804 711 849 esse
740 802 850 871 sensus
873 779 979 846 illusio
1000 782 1051 845 vel
1073 783 1202 848 aliunde
1223 786 1392 872 deceptio,

402 892 516 955 dicitur
537 890 625 974 quod
645 887 785 952 obieccio
808 899 855 950 est
876 885 1006 967 inutilis,
1029 906 1105 951 cum
1128 909 1193 952 non
1215 891 1393 976 requiritur

404 996 475 1061 talis
498 979 668 1058 infallibilis
688 992 803 1057 noticia
826 991 866 1054 ad
888 990 1077 1055 elemosinas
1100 992 1266 1058 faciendas
1290 997 1391 1062 Tunc

378 1101 488 1170 §enim
519 1098 633 1184 periret
663 1097 766 1162 omnis
797 1095 953 1160 correccio
984 1109 1015 1161 et
1046 1096 1153 1160 omnis
1174 1099 1391 1165 sentenciacio
1485 1156 1490 1165 .

402 1205 581 1268 secundum
611 1202 696 1286 leges
726 1201 881 1264 humanas
902 1214 933 1264 et
955 1200 1078 1264 omnis·
1095 1201 1278 1285 elemosine,
1309 1225 1391 1269 cum

403 1308 534 1392 perinde
548 1308 647 1371 horno
662 1304 827 1384 dubitaret,
843 1305 867 1368 si
891 1305 942 1369 ille
964 1306 1015 1369 cui
1038 1303 1154 1371 faceret
1175 1307 1390 1373 elemosinam

403 1412 443 1474 sit
474 1411 621 1474 diabolus
651 1408 871 1492 incorporatus
899 1409 948 1472 vel
980 1408 1164 1474 membrum
1186 1410 1272 1495 eius;
1294 1412 1390 1476 cuius

404 1515 545 1579 defensio
583 1513 664 1578 foret
700 1529 809 1579 contra
845 1514 1043 1578 voluntatem
1081 1512 1151 1598 Dei,
1188 1516 1304 1580 cedens
1346 1517 1390 1579 ad

364 1619 678 1704 inperturbacionem
701 1618 837 1683 ecclesie

449 1725 541 1789 Unde
556 1745 631 1788 cum
650 1723 793 1789 dilatacio
816 1723 885 1787 talis
906 1744 971 1786 non
994 1722 1075 1788 foret
1096 1722 1266 1808 ampliacio
1288 1723 1389 1809 privi-

404 1828 476 1913 legii
493 1829 547 1892 scd
562 1828 720 1913 perversio
735 1827 899 1912 privilegii,
911 1848 982 1912 pars
997 1826 1138 1891 securior
1149 1826 1230 1893 foret
1238 1830 1389 1912 tenende,

404 1933 569 1995 innitendo
591 1932 649 1996 iuri
673 1931 836 1996 communi
867 1931 898 1994 in
926 1931 1015 1996 cuius
1044 1930 1234 1996 executione
1261 1934 1390 1998 excluse

375 2051 451 2108 aest
473 2037 683 2122 undequaque
705 2036 826 2101 iniuria.
849 2035 996 2117 Ulterius,
1019 2034 1045 2098 si
1068 2049 1219 2122 queretur
1240 2037 1279 2100 de
1302 2037 1509 2100 limi-nesio„
1528 2052 1574 2097 aa

365 2141 488 2210 ‚stibus
519 2141 711 2206 remissionis
742 2140 854 2204 talium
885 2138 1107 2224 pmfugorum,
1150 2141 1275 2206 videtur
1306 2141 1388 2205 mihi
1439 2105 1572 2213 affige,

404 2246 493 2328 quod
515 2245 606 2329 pium
636 2260 727 2327 esset,
749 2245 856 2330 quoad
879 2244 1022 2308 debitum
1044 2245 1264 2330 pecuniarum,
1289 2247 1388 2312 docto
1419 2210 1574 2356 effipia&

404 2351 492 2433 quod
516 2349 635 2433 fugitivi
659 2350 725 2414 sine
748 2334 806 2414 suo
829 2350 981 2413 demerito
1002 2349 1066 2414 siat
1088 2349 1255 2415 casualiter
1280 2350 1387 2436 impo·
1421 2320 1574 2410 'iidorii'si

404 2468 514 2534 tentes,
549 2468 585 2518 ut
616 2475 653 2518 ex
675 2453 849 2539 naufragio,
872 2453 1018 2518 incendio
1040 2454 1091 2517 vel
1113 2454 1235 2539 rapina,
1257 2456 1346 2541 quod
1368 2476 1389 2518 a

404 2559 468 2622 suis
484 2559 688 2623 creditoribus
704 2573 733 2623 et
748 2558 921 2645 specialiter
935 2581 954 2623 a
969 2560 1082 2624 mundi
1097 2559 1248 2625 divitibus
1257 2574 1288 2626 et
1297 2560 1388 2625 cleri·

361 2663 448 2734 sacis
468 2663 667 2728 dimittantur
685 2663 783 2746 liberi,
802 2664 853 2726 vel
868 2663 1005 2728 totaliter
1025 2663 1076 2727 vel
1099 2663 1132 2727 in
1154 2678 1258 2749 parte;
1280 2663 1388 2749 egenis

404 2782 512 2832 autem
534 2769 737 2833 creditoribus
751 2768 938 2834 satisfaciant
960 2790 1020 2834 suo
1043 2767 1195 2834 laboricio
1216 2768 1387 2854 paulative.

325 2890 356 2943 tt
374 2904 395 2945 a
447 2873 539 2937 Unde
572 2873 690 2937 mirum
720 2887 765 2937 est
791 2874 934 2957 pluribus
961 2875 1130 2959 quomodo
1157 2886 1300 2938 extortus
1326 2872 1387 2939 fuit
1408 2884 1469 2932 Tus
1490 2887 1574 2945 pnvlle

404 2997 514 3041 sensus
545 2978 696 3063 privilegii
720 2979 759 3040 ad
785 2978 928 3042 debitum
960 2977 1181 3063 pecuniarum,
1210 2998 1285 3042 cum
1312 2991 1386 3041 ante
1424 2942 1574 3088 'iiius-ff}

403 3083 531 3147 xxvum
547 3104 667 3147 annum
684 3082 855 3147 Edwardi
872 3079 921 3146 111⁵
938 3103 1003 3146 non
1024 3096 1106 3146 esset
1124 3103 1184 3167 pro
1203 3082 1258 3146 tali
1277 3081 1386 3146 debito
1472 3051 1564 3090 εἴη

363 3185 453 3256 ssad'
483 3186 647 3251 ecclesiam
684 3186 878 3271 fugiendum,
912 3186 1147 3272 privilegiantes
1184 3200 1292 3250 autem
1328 3206 1417 3270 per·

405 3290 524 3354 multos
555 3312 656 3355 annos
687 3307 759 3355 ante
791 3292 870 3356 illud
905 3306 1033 3377 tempus
1071 3312 1139 3356 non
1175 3291 1387 3372 intenderent,

405 3394 485 3459 sicut
517 3417 573 3459 nec
605 3410 761 3480 poterant,
792 3410 827 3461 ut
861 3397 967 3460 nullus
1000 3381 1125 3461 debitor
1156 3395 1231 3460 illuc
1264 3393 1389 3480 fugiens

406 3513 548 3563 teneatur
570 3500 744 3565 satisfacere
766 3502 919 3565 creditori.
936 3502 1018 3565 Nam
1039 3501 1097 3565 xl·
1124 3521 1156 3585 q.
1173 3499 1228 3563 111·
1251 3521 1288 3564 ex
1311 3519 1387 3563 auc·

405 3603 529 3666 toritate
562 3605 644 3668 beati
667 3604 776 3669 lsidori
799 3604 842 3668 sic
865 3605 1012 3670 habetur:
1040 3605 1107 3682 Qui
1135 3606 1293 3670 consentit
1307 3623 1388 3687 pec·

363 3722 395 3776 30
404 3707 552 3772 euntibus
570 3720 601 3773 et
617 3710 762 3795 dieseisdit
780 3711 918 3794 aliquem
935 3710 1175 3794 delinquentem
1192 3709 1389 3774 maledictus

405 3814 467 3876 erit
499 3824 578 3894 aput
609 3814 717 3878 Deum
741 3825 770 3878 et
792 3815 936 3878 hoiiiines
957 3824 988 3879 et
1008 3814 1212 3896 corripietur
1233 3814 1387 3896 increpa·

338 3912 753 3986 163·cione⁸severissimo.
771 3917 861 3982 Hine
883 3920 984 3983 eciam
1008 3916 1139 4002 quidam
1161 3918 1390 3982 sanctissimus

296 4192 300 4200 .
445 4139 478 4183 td.
498 4140 532 4183 Αι
553 4145 616 4185 esset
633 4148 704 4190 esset.
813 4139 885 4186 sall
906 4140 929 4187 ln
950 4150 1023 4195 marg.
1045 4150 1109 4184 man.
1130 4138 1184 4186 slts
1209 4138 1274 4186 l’eas
1299 4138 1388 4186 famen.

406 4219 440 4263 ²7·
455 4210 476 4252 Α
490 4206 617 4265 ἰη“ητπ3.ι
640 4209 729 4257 Contra
749 4210 885 4256 defensores
906 4207 1065 4266 peecsnelum.
1173 4220 1209 4266 ²9.
1223 4212 1245 4256 Α
1258 4209 1283 4255 ln
1297 4219 1389 4264 mart-s

406 4276 529 4322 Ysidoras.
636 4280 671 4326 30.
686 4281 711 4325 ln
721 4278 801 4324 codd:
818 4279 955 4324 meledictns
964 4285 1011 4332 ests
1025 4279 1115 4325 correxl
1130 4291 1144 4324 e
1158 4281 1220 4325 decr.
1234 4292 1306 4338 saprs
1316 4291 1389 4326 mens.

452 4471 493 4525 ²9·
511 4456 573 4507 Dec.
592 4458 614 4509 ll
634 4473 703 4528 pars,
719 4472 796 4508 esum
814 4457 859 4522 xl,
876 4473 902 4527 q.
920 4456 963 4523 lll,
979 4456 1044 4527 Cep.
1063 4457 1093 4511 C.

1257 4545 1305 4600 16·
