3262 5226
330 589 398 637 ean.
412 572 445 666 ι]
709 594 755 646 ns
773 592 951 648 recessu.
1498 573 1536 639 13

87 720 94 813 ?
212 771 317 840 1129·
371 751 491 830 Quarta
514 749 679 816 conclusio
703 749 847 816 ciusdem
867 747 1028 813 decretalis
1049 759 1097 813 est
1118 747 1207 832 quod
1229 746 1312 812 intre
1322 759 1417 859 1²0:ss
1433 763 1537 860 eppgs-

326 854 502 940 predictum
524 854 690 920 ecclesiam
712 868 758 919 est
781 868 914 940 uterque
940 852 1063 938 gladius
1093 851 1145 915 vel
1173 864 1537 962 potestas-wormium·

326 960 443 1026 scilicet
465 959 637 1045 corporalis
650 959 703 1023 vel
717 958 901 1044 temporalis
923 973 954 1024 et
969 955 1151 1042 spiritualis;
1173 977 1315 1040 quorum
1335 929 1388 1016 ‘a
1402 925 1520 1016 metii?

328 1078 462 1149 uterque
484 1065 577 1129 debet
599 1065 639 1128 ad
662 1077 759 1148 caput
781 1062 912 1127 ecclesie
934 1077 965 1127 et
987 1061 1054 1127 eius
1076 1059 1229 1126 vicarium
1242 1081 1313 1146 per·

301 1168 434 1242 stinere.
457 1169 548 1233 Patet
570 1190 607 1233 ex
629 1167 693 1232 hoc
715 1168 804 1252 quod
819 1167 942 1232 dictum
962 1187 1090 1252 corpus,
1112 1186 1188 1231 cum
1203 1164 1244 1231 sit
1256 1185 1315 1251 per

326 1294 360 1336 se
382 1271 553 1356 sufficiens,
574 1272 670 1337 habet
685 1271 718 1335 in
734 1293 767 1337 se
782 1270 1016 1358 plenitudinem
1031 1269 1206 1357 potestatis.
1229 1268 1315 1335 Cum

325 1397 400 1461 ergo
435 1392 569 1463 utreque
601 1390 744 1464 potestas
781 1377 823 1442 sit
860 1375 1033 1442 necessaris
1060 1373 1152 1440 matri
1174 1374 1314 1456 ecclesie,

324 1496 412 1565 patet
434 1482 609 1547 conclusio.
634 1483 675 1548 Et
697 1481 759 1547 hoc
773 1480 946 1567 figuratum
962 1494 1009 1546 est
1024 1480 1109 1545 Luce
1124 1479 1238 1562 xxl10,
1263 1478 1314 1561 38,

324 1586 455 1671 quando
488 1586 643 1671 apostolis
673 1586 941 1672 respondentibus
979 1583 1064 1650 Eece
1104 1585 1170 1649 duo
1208 1583 1316 1670 gladii

284 1691 377 1763 ‚olle
399 1688 545 1754 Christus
566 1690 644 1754 dixit
667 1711 734 1754 non
757 1689 957 1775 superfluum
972 1688 1022 1753 vel
1041 1688 1238 1753 diminutum
1259 1688 1326 1753 sed.

323 1795 403 1859 satis
424 1805 483 1860 est.
507 1796 600 1860 Unde
622 1796 663 1859 ad
686 1795 910 1858 denotandum
923 1794 1013 1879 quod
1033 1808 1166 1879 uterque
1188 1792 1312 1877 gladius

324 1897 383 1963 luit
404 1901 498 1964 Petro
521 1900 691 1984 pertinens,
715 1913 947 1985 consequenter
962 1897 1039 1962 dixit
1053 1896 1199 1963 Christus
1219 1899 1314 1963 Petro

323 2003 512 2088 percutienti
550 2025 678 2069 servum
712 2004 888 2090 pontilicis:
919 2005 1011 2068 Mitte
1039 2003 1191 2088 gladium
1224 2013 1313 2068 tuum

324 2116 356 2173 in
382 2111 550 2194 raginam.
580 2110 629 2173 Ex
658 2130 725 2195 quo
747 2109 894 2173 innuitur
923 2108 962 2171 sd
993 2128 1123 2171 sensum
1153 2107 1314 2173 misticum

283 2215 411 2298 15quod
435 2225 570 2298 uterque
586 2215 725 2299 gladius
746 2215 789 2278 sit
812 2215 845 2278 in
865 2224 1025 2298 potestate
1041 2214 1187 2296 ecclesie,
1211 2224 1312 2279 mate·

322 2318 419 2382 rialis
435 2338 502 2400 pro
525 2321 663 2384 eeclesia
688 2320 743 2383 sed
757 2340 815 2405 per
829 2319 926 2384 lsicos
940 2318 1140 2401 exercendus,
1163 2318 1311 2404 spiritus·

322 2422 361 2485 lis
383 2443 458 2487 vero
490 2444 548 2508 pro
571 2423 741 2508 puniendis
772 2423 911 2509 peccatis
936 2443 992 2509 per
1013 2422 1202 2509 episcopum
1224 2443 1311 2486 exer·

323 2528 451 2591 cendus.
484 2528 525 2591 Et
559 2528 602 2592 sic
633 2529 707 2592 licet
735 2529 872 2613 gladius
899 2529 1078 2593 materialis
1098 2528 1141 2592 sit
1161 2529 1195 2592 in
1212 2548 1313 2592 manta

324 2651 439 2716 regum
463 2641 494 2696 et
517 2633 668 2709 militnm,
691 2632 751 2697 lloc
775 2642 884 2695 tamen
907 2635 970 2697 erit
992 2632 1036 2696 ad
1058 2641 1179 2696 motum
1206 2642 1238 2697 et
1264 2652 1314 2698 se·

280 2736 465 2802 secundnm
484 2736 705 2821 prudenciam
728 2736 946 2800 sacerdotum.
973 2735 1109 2820 Oportet
1127 2736 1214 2802 enim
1237 2736 1312 2822 gla-

323 2840 412 2904 dium
437 2841 639 2905 materialem
667 2859 738 2905 esse
760 2841 821 2905 sub
850 2840 917 2905 alio
948 2841 1028 2906 sicut
1058 2844 1139 2905 ordo
1170 2841 1314 2906 militaris

323 2959 370 3009 est
397 2945 458 3008 sub
486 2944 676 3010 sacerdocio.
710 2945 751 3008 Et
778 2945 837 3009 istu
863 2959 910 3010 est
936 2945 1095 3032 esposicio
1126 2945 1207 3011 beati
1239 2948 1314 3012 Ber·

324 3050 422 3131 nardi,
445 3049 526 3113 libro
548 3050 690 3113 secundo
712 3051 752 3113 ad
768 3050 952 3133 Eugenium
974 3064 1005 3115 et
1019 3051 1060 3114 ed
1076 3050 1168 3115 illum
1183 3071 1314 3115 sensum

257 3166 315 3239 129⁴
323 3153 500 3238 loquuntur
522 3153 679 3239 quotlibet
701 3155 850 3218 doctores
873 3168 904 3219 et
929 3156 1053 3220 decreta
1066 3154 1088 3201 '⁸
1103 3156 1311 3224 concorditer.

283 3275 314 3329 25
324 3259 416 3323 Unde
443 3258 570 3341 XXlll¹‚
593 3281 624 3344 q.
647 3259 703 3341 Ψ,
734 3259 914 3342 Principes,
936 3260 995 3323 sub
1017 3259 1204 3326 auctoritate
1227 3259 1310 3325 beati

324 3362 433 3426 lsidori
457 3363 515 3427 ΙΙΙο
538 3365 577 3427 de
600 3385 731 3429 summo
762 3364 863 3446 bono,
891 3384 958 3448 csp.
982 3363 1076 3446 Llll⁰,
1109 3364 1184 3430 dicit
1207 3385 1310 3429 cenon

323 3469 409 3551 quod
432 3470 522 3533 intra
560 3469 730 3534 ecelesiam
758 3471 931 3553 principes
956 3470 1058 3534 seculi
1084 3468 1201 3534 halent
1217 3481 1311 3552 pote·

321 3579 448 3654 statem,
472 3582 508 3636 nt
525 3593 591 3656 per
613 3573 748 3638 eandem
767 3582 963 3657 potestatem
983 3573 1187 3657 disciplinam
1211 3575 1312 3639 eccle·

321 3676 484 3739 siastieam
509 3677 669 3741 muniant.
695 3677 742 3740 Ex
769 3698 835 3762 qus
857 3677 1059 3743 conclusione
1086 3691 1184 3764 putet,
1205 3677 1312 3763 primo

283 3782 409 3862 3oquod
440 3781 516 3847 dicti
548 3781 705 3868 principes
737 3795 813 3846 sunt
843 3803 917 3867 pars
947 3782 1029 3846 dicte
1060 3781 1199 3865 ecclesie,
1234 3803 1310 3847 cum

365 3959 381 3993 r.
396 3948 472 3996 Codd.
487 3951 511 3996 ln
525 3964 603 4010 marg:
625 3951 716 4009 Quarta
734 3951 866 3998 conclusio.
883 3953 907 3997 Α
919 3950 943 3997 iu
962 3963 1040 4008 merge
1060 3950 1123 3997 lntrs
1136 3951 1260 3998 ecelestsn
1274 3960 1311 3999 est

321 4026 415 4078 uterque
428 4021 521 4078 glrdlus
534 4024 569 4068 rel
584 4031 698 4080 potentes.
777 4036 799 4080 7.
813 4026 848 4069 As
864 4022 937 4067 nosnl
951 4021 1057 4068 ecclesie.
1123 4019 1147 4068 8.
1160 4020 1178 4066 B
1191 4021 1217 4068 ln
1231 4033 1310 4079 merge

322 4087 384 4134 Luce
397 4101 430 4135 ss.
518 4091 547 4139 13.
563 4092 618 4140 liin
633 4105 713 4150 marg:
726 4091 790 4139 Nota
805 4093 834 4138 de
849 4100 947 4150 utroque
962 4090 1049 4148 glrdlo.
1135 4102 1167 4149 ¹9·
1181 4090 1208 4137 ln
1223 4092 1311 4138 decret.

324 4155 396 4203 Unam
415 4167 520 4207 sanctem
541 4163 626 4209 rectius
647 4163 724 4221 leges:
748 4161 791 4208 sed
812 4162 842 4207 ed
863 4169 943 4206 nutum
970 4168 992 4205 et
1013 4159 1152 4218 perlenclam
1171 4161 1311 4208 sacerdotis.

321 4236 353 4270 π.
368 4229 421 4276 Bln
435 4244 515 4287 merge
530 4232 679 4278 bernhardus
692 4232 723 4276 sd
736 4230 878 4288 Eugenium.
947 4231 982 4276 26.
996 4229 1013 4275 Β
1028 4229 1051 4274 ln
1066 4242 1144 4287 meres
1158 4230 1263 4276 lsldorus
1276 4231 1311 4290 ¹³,

320 4307 344 4353 q.
357 4297 377 4345 5.
433 4342 436 4347 ,
468 4300 505 4349 ²8.
518 4299 550 4347 Be
563 4301 748 4348 eceleslsnlcsm
761 4300 865 4347 lmmltlt.

368 4441 406 4496 13.
423 4443 484 4500 loli.
499 4444 591 4512 dvm,
614 4459 654 4520 tr.
729 4460 769 4511 ¹4·
786 4444 884 4514 Comp.
895 4444 991 4496 decret.
1011 4443 1098 4497 Unam
1117 4449 1241 4498 sanctam
1259 4444 1310 4497 l.c.

328 4525 367 4581 25.
386 4528 488 4584 Decret.
507 4548 560 4586 sec.
578 4547 648 4602 pars.
666 4546 746 4584 cruss
764 4531 858 4597 lllllll,
875 4546 903 4600 q.
921 4530 954 4596 V,
972 4545 1029 4601 cap.
1047 4531 1103 4583 XX.
