3262 5226
160 197 234 262 ²⁶⁸
715 211 883 264 sonnunts
900 210 1048 264 wrcutr.
1217 187 1361 282 [censu.

151 359 158 366 ’
185 381 238 428 usn
251 390 358 428 ιιιιοιιιι
429 369 513 433 Mula
540 384 646 432 autem
673 367 871 432 consuetudo
899 381 1028 451 propter
1050 365 1260 430 maioritatem
1288 366 1485 450 peri-166⁸!

177 434 362 533 wesin
386 472 450 538 culi
474 488 521 538 est
542 473 655 557 pocius
677 472 869 557 extirpanda,
895 470 1020 534 dicente
1050 472 1177 534 decreto
1208 471 1372 535 d..v111·:

236 549 306 584 Μ
384 577 479 641 Mala
502 577 699 641 consuetudo
717 595 779 639 non
796 577 902 639 minus
915 596 1014 658 quam
1025 575 1216 656 perniciosa
1232 593 1370 657 corrup-

382 682 447 746 tela
470 691 517 745 esl
539 680 799 764 adiciendaque
822 681 883 743 nisi
897 680 1000 743 cicius
1016 678 1177 742 radicitus
1199 679 1371 759 evellatur,

383 787 417 849 in
428 784 681 870 privilegiorum
698 787 750 849 ius
763 783 805 847 al
824 785 931 867 impiis
946 785 1136 866 assumitur,
1157 794 1188 847 et
1207 784 1396 865 incipimus
1429 791 1432 797 '

379 890 669 973 prevaricationes
693 898 724 952 et
746 890 838 952 varie
854 889 1136 970 presumpciones,
1158 888 1370 952 celeberrime

384 1014 448 1057 non
464 1011 661 1076 compresse,
679 1012 745 1076 pro
760 993 887 1078 legibus
904 993 1057 1056 venerari
1071 1001 1102 1054 et
1112 991 1369 1075 privilegiorum

384 1118 476 1162 more
491 1107 653 1180 perpetuo
678 1097 849 1161 celebrari.
889 1097 929 1160 Et
955 1094 1115 1160 sentencia
1138 1095 1232 1158 huius
1254 1091 1370 1160 decreti

383 1200 540 1264 verilitate
571 1214 617 1264 est
644 1200 781 1264 nimium
811 1200 871 1263 hiis
892 1200 1015 1282 diebus,
1047 1200 1132 1264 unde
1154 1201 1194 1263 ad
1218 1199 1369 1285 interpre-

383 1304 519 1368 tandum
546 1305 766 1368 rectitudinem
791 1304 1031 1369 consuetudinis
1057 1318 1089 1368 et
1111 1303 1262 1389 privilegii
1294 1305 1368 1369 sub·
1384 1336 1413 1372 ιο

385 1407 490 1494 iungit
519 1409 679 1473 decretum
707 1409 766 1472 sub
796 1409 978 1473 auctoritate
1010 1408 1193 1492 Augustini:
1235 1411 1371 1473 Veritate

159 1513 596 1599 Tenutsnnoremanisestata
612 1514 706 1579 cedat
727 1513 924 1578 consuetudo
949 1515 1086 1578 veritati.
1111 1514 1214 1578 Nemo
1236 1532 1371 1577 consue·

190 1590 345 1697 '‘2501“ss
386 1619 682 1711 tudinengraeioni
701 1629 733 1683 et
754 1619 882 1681 ueritati
896 1628 1071 1701 preponat,
1100 1619 1177 1702 quia
1199 1628 1371 1681 consuetu·

384 1723 492 1789 dinem
516 1725 608 1788 rocio
629 1735 660 1788 et
681 1724 801 1787 ueritas
823 1741 952 1806 semper
972 1722 1161 1786 excludunt.
1185 1721 1272 1786 Cum
1294 1743 1371 1805 ergo

384 1828 469 1893 racio
493 1828 643 1892 naturalis
661 1843 691 1891 et
706 1826 818 1892 veritas
838 1826 988 1911 scripture
1009 1840 1154 1911 patenter
1173 1826 1369 1890 convincunt
1384 1843 1412 1895 ι5

383 1935 471 2018 quod
495 1931 615 1996 dictum
639 1931 837 2016 privilegium
860 1951 926 1994 nou
949 1931 1042 1993 debet
1064 1929 1196 2013 intelligi
1219 1931 1305 1995 nude
1329 1932 1369 1994 ad

382 2036 516 2118 literam,
540 2037 594 2100 sed
616 2036 741 2100 racione
763 2050 795 2100 et
816 2036 945 2100 veritate
967 2033 1123 2098 limitante
1146 2034 1369 2099 condicionem

380 2161 456 2225 sepe
471 2141 657 2225 expositam,
680 2141 778 2226 aptari
795 2141 888 2204 debet
902 2139 1059 2224 singulare
1074 2123 1238 2223 pertinens
1253 2159 1367 2203 secun·

381 2246 459 2308 dum
483 2244 743 2309 distribucionem
765 2244 982 2309 accomodans

425 2350 484 2414 Per
506 2349 564 2413 hec
591 2364 677 2435 putet
699 2350 786 2435 quod
809 2349 910 2413 forma
939 2347 1117 2433 argumenti
1145 2349 1233 2434 quod
1261 2349 1392 2433 primos
1408 2364 1436 2417 tt

162 2473 328 2537 «nemausen
340 2486 371 2520 ιιι
382 2453 527 2518 innuitur
547 2475 612 2517 non
633 2453 784 2538 procedit,
799 2467 869 2517 tum
884 2452 958 2538 quin
974 2452 1067 2516 multi
1083 2452 1182 2517 sancti
1194 2467 1369 2536 potuemnt

196 2525 339 2635 ¹⁸⁸iii⁶s¹⁸⁸¹
382 2557 647 2621 consuetudinem
656 2557 829 2641 predictum
844 2556 1019 2641 improvide
1035 2558 1227 2641 approbasse
1249 2571 1370 2642 etpost

381 2661 565 2746 penituisse,
592 2662 641 2725 vel
668 2661 775 2746 potuit
801 2659 896 2725 luisse
923 2674 1000 2726 tunc
1029 2661 1229 2725 consuetudo
1257 2660 1368 2725 lauda·

380 2765 451 2829 bilis
473 2780 605 2851 propter
618 2785 714 2830 usum
729 2767 920 2849 modestum,
942 2767 997 2830 sed
1013 2767 1114 2832 modo
1130 2786 1257 2830 versum
1273 2764 1369 2830 luisse

378 2870 411 2933 in
433 2871 645 2955 corruptelam
659 2869 730 2933 fidei
747 2869 933 2934 contrariam
947 2886 1078 2955 propter
1092 2871 1209 2934 malam
1230 2890 1365 2935 consue·
1379 2885 1410 2936 25

378 2975 523 3039 tudinem
533 2974 765 3058 superadditum
780 2975 881 3059 gracia
896 2975 1052 3059 cupidinis
1067 2990 1263 3059 usurpatum.
1274 2974 1367 3039 Unde

377 3079 402 3141 si
422 3080 507 3142 racio
523 3078 580 3141 ista
596 3080 786 3161 procederet,
804 3099 968 3163 nunquam
983 3079 1183 3163 impugnaret
1193 3080 1367 3145 catholicus

378 3183 499 3247 malum
516 3203 621 3262 usum,
633 3184 687 3244 sed
709 3203 746 3244 ex
761 3182 990 3245 consuetudine
1004 3183 1153 3267 peccandi
1164 3185 1368 3267 prescriberet

376 3287 557 3350 membrum
574 3286 690 3349 diaboli
706 3301 814 3349 contra
829 3287 942 3368 Deum,
955 3288 1044 3350 cuius
1059 3288 1245 3372 oppositum
1257 3289 1368 3353 docuit

377 3391 522 3454 Christus
560 3391 804 3454 consuetudines
834 3390 1021 3472 plmriseicus
1056 3390 1235 3456 acutissime
1256 3409 1410 3476 repro-30

376 3496 494 3576 bando,
507 3496 668 3558 mundana
684 3516 758 3558 vero
773 3494 963 3578 prosperitas
975 3509 1042 3559 tum
1058 3497 1091 3558 in
1107 3496 1250 3581 personis
1266 3518 1365 3583 quam

376 3594 408 3661 in
432 3599 535 3682 regnis
559 3614 605 3663 est
627 3620 700 3682 sepe
723 3598 854 3661 kalende
874 3599 1083 3683 preparatorie
1105 3601 1145 3664 ad
1167 3599 1302 3666 ruinam.

416 3798 433 3832 t.
454 3787 476 3831 Α
490 3786 514 3831 ln
533 3798 622 3842 mersu
643 3784 703 3830 ilsls
721 3786 878 3832 consuetodo.
902 3786 921 3832 B
943 3787 968 3832 ln
990 3799 1078 3843 mersu
1101 3787 1136 3833 De
1154 3787 1366 3833 consuetudinibus

377 3854 507 3899 abiciendis
528 3864 583 3900 notu
603 3858 670 3901 bene.
759 3867 786 3902 n.
806 3857 829 3901 Α
850 3856 873 3900 ln
895 3868 982 3911 mersu
1003 3857 1160 3914 nogentum.
1249 3866 1278 3900 ts.
1288 3855 1318 3901 13.
1332 3855 1365 3900 lis

377 3924 668 3981 consuetudinem-quis
682 3924 754 3969 deest
830 3923 1192 3982 to.Alnutsrg.tAdpslmuut.
1245 3923 1363 3981 aium

376 3990 447 4037 Tune
458 4015 486 4026 -·
499 4004 592 4038 versum
605 3991 678 4038 luisse
695 3992 770 4038 deest.
1307 4018 1310 4025 ·

393 4084 397 4090 ’
423 4132 446 4167 ι.
465 4116 568 4168 nectes
585 4117 596 4168 1
614 4132 684 4186 pm,
703 4088 957 4184 oravissent.
1065 4135 1105 4174 ιι.
1125 4116 1160 4170 n.
1178 4132 1201 4170 ι.
1220 4117 1263 4170 tv.
