<?xml version="1.0" encoding="UTF-8"?>
<!DOCTYPE html PUBLIC "-//W3C//DTD XHTML 1.0 Transitional//EN"
    "http://www.w3.org/TR/xhtml1/DTD/xhtml1-transitional.dtd">
<html xmlns="http://www.w3.org/1999/xhtml" xml:lang="en" lang="en">
 <head>
  <title>
</title>
<meta http-equiv="Content-Type" content="text/html;charset=utf-8" />
  <meta name='ocr-system' content='tesseract 3.04.00' />
  <meta name='ocr-capabilities' content='ocr_page ocr_carea ocr_par ocr_line ocrx_word'/>
</head>
<body>
  <div class='ocr_page' id='page_1' title='image "./iohanniswyclift00mattgoog_0413.png"; bbox 0 0 3262 5226; ppageno 0'>
   <div class='ocr_carea' id='block_1_1' title="bbox 198 405 833 500">
    <p class='ocr_par' dir='ltr' id='par_1_1' title="bbox 198 405 833 500">
     <span class='ocr_line' id='line_1_1' title="bbox 198 405 833 500; baseline 0.019 -31"><span class='ocrx_word' id='word_1_1' title='bbox 198 422 266 470; x_wconf 76' lang='lat' dir='ltr'>cae.</span> <span class='ocrx_word' id='word_1_2' title='bbox 280 405 358 500; x_wconf 71' lang='lat' dir='ltr'>xvi]</span> <span class='ocrx_word' id='word_1_3' title='bbox 593 429 638 480; x_wconf 80' lang='lat' dir='ltr'>un</span> <span class='ocrx_word' id='word_1_4' title='bbox 656 427 833 480; x_wconf 72' lang='lat' dir='ltr'>accat-:sta</span> 
     </span>
    </p>
   </div>
   <div class='ocr_carea' id='block_1_2' title="bbox 62 584 1423 2760">
    <p class='ocr_par' dir='ltr' id='par_1_2' title="bbox 62 584 1423 2760">
     <span class='ocr_line' id='line_1_2' title="bbox 94 584 1194 670; baseline -0.006 -13"><span class='ocrx_word' id='word_1_5' title='bbox 94 605 122 657; x_wconf 83' lang='lat' dir='ltr'>tt</span> <span class='ocrx_word' id='word_1_6' title='bbox 139 585 403 656; x_wconf 67' lang='lat' dir='ltr'>ruunutrimento</span> <span class='ocrx_word' id='word_1_7' title='bbox 426 601 456 649; x_wconf 91' lang='lat' dir='ltr'>et</span> <span class='ocrx_word' id='word_1_8' title='bbox 480 599 668 670; x_wconf 89' lang='lat' dir='ltr'>tegumento</span> <span class='ocrx_word' id='word_1_9' title='bbox 692 585 749 647; x_wconf 89' lang='lat' dir='ltr'>ista</span> <span class='ocrx_word' id='word_1_10' title='bbox 772 585 940 649; x_wconf 84' lang='lat' dir='ltr'>conclusio</span> <span class='ocrx_word' id='word_1_11' title='bbox 971 584 1011 648; x_wconf 89' lang='lat' dir='ltr'>sit</span> <span class='ocrx_word' id='word_1_12' title='bbox 1035 585 1194 668; x_wconf 77' lang='lat' dir='ltr'>paulative</span> 
     </span>
     <span class='ocr_line' id='line_1_3' title="bbox 206 689 592 775; baseline 0.005 -23"><span class='ocrx_word' id='word_1_13' title='bbox 206 704 237 755; x_wconf 93' lang='lat' dir='ltr'>et</span> <span class='ocrx_word' id='word_1_14' title='bbox 260 689 391 775; x_wconf 82' lang='lat' dir='ltr'>provide</span> <span class='ocrx_word' id='word_1_15' title='bbox 412 689 592 774; x_wconf 84' lang='lat' dir='ltr'>practizata.</span> 
     </span>
     <span class='ocr_line' id='line_1_4' title="bbox 249 792 1380 904; baseline -0.001 -46"><span class='ocrx_word' id='word_1_16' title='bbox 249 795 344 858; x_wconf 82' lang='lat' dir='ltr'>Sexto</span> <span class='ocrx_word' id='word_1_17' title='bbox 367 792 517 876; x_wconf 76' lang='lat' dir='ltr'>arguitur,</span> <span class='ocrx_word' id='word_1_18' title='bbox 540 795 700 857; x_wconf 87' lang='lat' dir='ltr'>sumendo</span> <span class='ocrx_word' id='word_1_19' title='bbox 723 796 811 878; x_wconf 95' lang='lat' dir='ltr'>quod</span> <span class='ocrx_word' id='word_1_20' title='bbox 834 794 992 878; x_wconf 81' lang='lat' dir='ltr'>principes</span> <span class='ocrx_word' id='word_1_21' title='bbox 1015 807 1047 858; x_wconf 91' lang='lat' dir='ltr'>et</span> <span class='ocrx_word' id='word_1_22' title='bbox 1069 795 1380 904; x_wconf 35' lang='lat' dir='ltr'>dominissgppeetioa·</span> 
     </span>
     <span class='ocr_line' id='line_1_5' title="bbox 205 867 1423 1020; baseline 0.002 -58"><span class='ocrx_word' id='word_1_23' title='bbox 205 899 395 983; x_wconf 78' lang='lat' dir='ltr'>temporales</span> <span class='ocrx_word' id='word_1_24' title='bbox 428 898 518 973; x_wconf 55' lang='lat' dir='ltr'>vlicite</span> <span class='ocrx_word' id='word_1_25' title='bbox 550 913 582 962; x_wconf 89' lang='lat' dir='ltr'>et</span> <span class='ocrx_word' id='word_1_26' title='bbox 611 900 731 982; x_wconf 89' lang='lat' dir='ltr'>absque</span> <span class='ocrx_word' id='word_1_27' title='bbox 762 915 895 983; x_wconf 86' lang='lat' dir='ltr'>peccato</span> <span class='ocrx_word' id='word_1_28' title='bbox 923 899 1066 962; x_wconf 87' lang='lat' dir='ltr'>vendunt</span> <span class='ocrx_word' id='word_1_29' title='bbox 1097 912 1194 964; x_wconf 86' lang='lat' dir='ltr'>terras</span> <span class='ocrx_word' id='word_1_30' title='bbox 1224 867 1423 1020; x_wconf 47' lang='lat' dir='ltr'>{ssgfflffssm</span> 
     </span>
     <span class='ocr_line' id='line_1_6' title="bbox 181 1002 1420 1077; baseline -0.001 -12"><span class='ocrx_word' id='word_1_31' title='bbox 181 1018 236 1074; x_wconf 83' lang='lat' dir='ltr'>set</span> <span class='ocrx_word' id='word_1_32' title='bbox 268 1016 445 1065; x_wconf 88' lang='lat' dir='ltr'>tenementa</span> <span class='ocrx_word' id='word_1_33' title='bbox 479 1021 537 1064; x_wconf 88' lang='lat' dir='ltr'>sua</span> <span class='ocrx_word' id='word_1_34' title='bbox 560 1002 634 1065; x_wconf 84' lang='lat' dir='ltr'>viris</span> <span class='ocrx_word' id='word_1_35' title='bbox 667 1003 882 1066; x_wconf 86' lang='lat' dir='ltr'>ecelesiasticis</span> <span class='ocrx_word' id='word_1_36' title='bbox 915 1017 946 1068; x_wconf 91' lang='lat' dir='ltr'>et</span> <span class='ocrx_word' id='word_1_37' title='bbox 977 1003 1043 1067; x_wconf 85' lang='lat' dir='ltr'>suis</span> <span class='ocrx_word' id='word_1_38' title='bbox 1070 1014 1258 1074; x_wconf 74' lang='lat' dir='ltr'>succes-ther</span> <span class='ocrx_word' id='word_1_39' title='bbox 1277 1028 1334 1074; x_wconf 74' lang='lat' dir='ltr'>may</span> <span class='ocrx_word' id='word_1_40' title='bbox 1352 1015 1420 1077; x_wconf 71' lang='lat' dir='ltr'>buy?</span> 
     </span>
     <span class='ocr_line' id='line_1_7' title="bbox 205 1106 1196 1191; baseline 0.002 -21"><span class='ocrx_word' id='word_1_41' title='bbox 205 1106 328 1170; x_wconf 86' lang='lat' dir='ltr'>soribus</span> <span class='ocrx_word' id='word_1_42' title='bbox 361 1106 392 1169; x_wconf 93' lang='lat' dir='ltr'>in</span> <span class='ocrx_word' id='word_1_43' title='bbox 416 1121 619 1190; x_wconf 89' lang='lat' dir='ltr'>perpetuum,</span> <span class='ocrx_word' id='word_1_44' title='bbox 652 1127 726 1191; x_wconf 85' lang='lat' dir='ltr'>ergo</span> <span class='ocrx_word' id='word_1_45' title='bbox 749 1129 766 1169; x_wconf 94' lang='lat' dir='ltr'>a</span> <span class='ocrx_word' id='word_1_46' title='bbox 789 1107 920 1171; x_wconf 87' lang='lat' dir='ltr'>lorciori</span> <span class='ocrx_word' id='word_1_47' title='bbox 943 1106 1124 1172; x_wconf 82' lang='lat' dir='ltr'>conferrent</span> <span class='ocrx_word' id='word_1_48' title='bbox 1150 1108 1196 1172; x_wconf 84' lang='lat' dir='ltr'>eis</span> 
     </span>
     <span class='ocr_line' id='line_1_8' title="bbox 206 1211 1194 1296; baseline 0.002 -21"><span class='ocrx_word' id='word_1_49' title='bbox 206 1211 392 1295; x_wconf 88' lang='lat' dir='ltr'>temporalia</span> <span class='ocrx_word' id='word_1_50' title='bbox 423 1211 454 1273; x_wconf 92' lang='lat' dir='ltr'>in</span> <span class='ocrx_word' id='word_1_51' title='bbox 485 1227 692 1295; x_wconf 81' lang='lat' dir='ltr'>perpetuum3</span> <span class='ocrx_word' id='word_1_52' title='bbox 732 1225 762 1276; x_wconf 93' lang='lat' dir='ltr'>et</span> <span class='ocrx_word' id='word_1_53' title='bbox 793 1226 997 1296; x_wconf 87' lang='lat' dir='ltr'>assumptum</span> <span class='ocrx_word' id='word_1_54' title='bbox 1029 1212 1194 1295; x_wconf 85' lang='lat' dir='ltr'>probatur,</span> 
     </span>
     <span class='ocr_line' id='line_1_9' title="bbox 207 1314 1196 1401; baseline 0.006 -25"><span class='ocrx_word' id='word_1_55' title='bbox 207 1314 358 1399; x_wconf 90' lang='lat' dir='ltr'>ponendo</span> <span class='ocrx_word' id='word_1_56' title='bbox 375 1317 462 1398; x_wconf 93' lang='lat' dir='ltr'>quod</span> <span class='ocrx_word' id='word_1_57' title='bbox 478 1315 593 1401; x_wconf 89' lang='lat' dir='ltr'>aliquis</span> <span class='ocrx_word' id='word_1_58' title='bbox 610 1314 760 1378; x_wconf 92' lang='lat' dir='ltr'>dominus</span> <span class='ocrx_word' id='word_1_59' title='bbox 783 1316 933 1379; x_wconf 88' lang='lat' dir='ltr'>secularis</span> <span class='ocrx_word' id='word_1_60' title='bbox 948 1315 987 1380; x_wconf 88' lang='lat' dir='ltr'>sit</span> <span class='ocrx_word' id='word_1_61' title='bbox 1003 1316 1196 1382; x_wconf 83' lang='lat' dir='ltr'>constitutus</span> 
     </span>
     <span class='ocr_line' id='line_1_10' title="bbox 207 1420 1195 1508; baseline 0.004 -25"><span class='ocrx_word' id='word_1_62' title='bbox 207 1420 239 1483; x_wconf 89' lang='lat' dir='ltr'>in</span> <span class='ocrx_word' id='word_1_63' title='bbox 261 1433 398 1482; x_wconf 83' lang='lat' dir='ltr'>extrema</span> <span class='ocrx_word' id='word_1_64' title='bbox 423 1420 618 1502; x_wconf 81' lang='lat' dir='ltr'>necessitate,</span> <span class='ocrx_word' id='word_1_65' title='bbox 641 1420 722 1484; x_wconf 87' lang='lat' dir='ltr'>sicut</span> <span class='ocrx_word' id='word_1_66' title='bbox 744 1435 818 1484; x_wconf 90' lang='lat' dir='ltr'>sunt</span> <span class='ocrx_word' id='word_1_67' title='bbox 841 1420 959 1485; x_wconf 79' lang='lat' dir='ltr'>milites</span> <span class='ocrx_word' id='word_1_68' title='bbox 982 1420 1083 1486; x_wconf 84' lang='lat' dir='ltr'>nostri</span> <span class='ocrx_word' id='word_1_69' title='bbox 1111 1422 1195 1508; x_wconf 88' lang='lat' dir='ltr'>capti</span> 
     </span>
     <span class='ocr_line' id='line_1_11' title="bbox 166 1523 1196 1608; baseline 0.005 -21"><span class='ocrx_word' id='word_1_70' title='bbox 166 1524 246 1598; x_wconf 65' lang='lat' dir='ltr'>,oab</span> <span class='ocrx_word' id='word_1_71' title='bbox 260 1523 407 1587; x_wconf 88' lang='lat' dir='ltr'>hostibus</span> <span class='ocrx_word' id='word_1_72' title='bbox 423 1524 454 1586; x_wconf 93' lang='lat' dir='ltr'>in</span> <span class='ocrx_word' id='word_1_73' title='bbox 470 1524 614 1608; x_wconf 88' lang='lat' dir='ltr'>partibus</span> <span class='ocrx_word' id='word_1_74' title='bbox 634 1526 860 1607; x_wconf 80' lang='lat' dir='ltr'>transmarinis,</span> <span class='ocrx_word' id='word_1_75' title='bbox 877 1547 934 1590; x_wconf 91' lang='lat' dir='ltr'>nec</span> <span class='ocrx_word' id='word_1_76' title='bbox 957 1526 1071 1591; x_wconf 90' lang='lat' dir='ltr'>habeat</span> <span class='ocrx_word' id='word_1_77' title='bbox 1093 1527 1196 1592; x_wconf 83' lang='lat' dir='ltr'>dictus</span> 
     </span>
     <span class='ocr_line' id='line_1_12' title="bbox 207 1627 1275 1715; baseline 0.006 -24"><span class='ocrx_word' id='word_1_78' title='bbox 207 1627 358 1692; x_wconf 92' lang='lat' dir='ltr'>dominus</span> <span class='ocrx_word' id='word_1_79' title='bbox 392 1628 477 1694; x_wconf 89' lang='lat' dir='ltr'>unde</span> <span class='ocrx_word' id='word_1_80' title='bbox 512 1651 544 1691; x_wconf 88' lang='lat' dir='ltr'>se</span> <span class='ocrx_word' id='word_1_81' title='bbox 578 1630 683 1715; x_wconf 88' lang='lat' dir='ltr'>ipsum</span> <span class='ocrx_word' id='word_1_82' title='bbox 714 1632 847 1695; x_wconf 85' lang='lat' dir='ltr'>redimat</span> <span class='ocrx_word' id='word_1_83' title='bbox 874 1631 934 1694; x_wconf 89' lang='lat' dir='ltr'>nisi</span> <span class='ocrx_word' id='word_1_84' title='bbox 965 1632 1135 1696; x_wconf 86' lang='lat' dir='ltr'>alienando</span> <span class='ocrx_word' id='word_1_85' title='bbox 1163 1632 1196 1697; x_wconf 88' lang='lat' dir='ltr'>in</span> <span class='ocrx_word' id='word_1_86' title='bbox 1273 1663 1275 1666; x_wconf 47' lang='lat'><em>⁴</em></span> 
     </span>
     <span class='ocr_line' id='line_1_13' title="bbox 206 1735 1231 1823; baseline 0.007 -28"><span class='ocrx_word' id='word_1_87' title='bbox 206 1748 394 1818; x_wconf 85' lang='lat' dir='ltr'>perpetuum</span> <span class='ocrx_word' id='word_1_88' title='bbox 426 1755 521 1796; x_wconf 88' lang='lat' dir='ltr'>suum</span> <span class='ocrx_word' id='word_1_89' title='bbox 555 1736 744 1817; x_wconf 86' lang='lat' dir='ltr'>manerium,</span> <span class='ocrx_word' id='word_1_90' title='bbox 775 1751 806 1800; x_wconf 88' lang='lat' dir='ltr'>et</span> <span class='ocrx_word' id='word_1_91' title='bbox 838 1757 914 1799; x_wconf 88' lang='lat' dir='ltr'>cum</span> <span class='ocrx_word' id='word_1_92' title='bbox 948 1735 1012 1799; x_wconf 90' lang='lat' dir='ltr'>hoc</span> <span class='ocrx_word' id='word_1_93' title='bbox 1042 1757 1195 1823; x_wconf 89' lang='lat' dir='ltr'>suppono</span> <span class='ocrx_word' id='word_1_94' title='bbox 1229 1766 1231 1770; x_wconf 94' lang='lat'>·</span> 
     </span>
     <span class='ocr_line' id='line_1_14' title="bbox 207 1838 1194 1923; baseline 0.006 -23"><span class='ocrx_word' id='word_1_95' title='bbox 207 1839 294 1922; x_wconf 90' lang='lat' dir='ltr'>quod</span> <span class='ocrx_word' id='word_1_96' title='bbox 329 1839 434 1901; x_wconf 88' lang='lat' dir='ltr'>nullus</span> <span class='ocrx_word' id='word_1_97' title='bbox 464 1838 505 1902; x_wconf 89' lang='lat' dir='ltr'>sit</span> <span class='ocrx_word' id='word_1_98' title='bbox 536 1840 592 1923; x_wconf 90' lang='lat' dir='ltr'>qui</span> <span class='ocrx_word' id='word_1_99' title='bbox 617 1840 690 1903; x_wconf 89' lang='lat' dir='ltr'>velit</span> <span class='ocrx_word' id='word_1_100' title='bbox 721 1861 825 1904; x_wconf 87' lang='lat' dir='ltr'>emere</span> <span class='ocrx_word' id='word_1_101' title='bbox 857 1839 980 1904; x_wconf 88' lang='lat' dir='ltr'>dictum</span> <span class='ocrx_word' id='word_1_102' title='bbox 1016 1843 1194 1906; x_wconf 89' lang='lat' dir='ltr'>manerium</span> 
     </span>
     <span class='ocr_line' id='line_1_15' title="bbox 207 1942 1195 2027; baseline 0.007 -23"><span class='ocrx_word' id='word_1_103' title='bbox 207 1942 264 2004; x_wconf 88' lang='lat' dir='ltr'>nisi</span> <span class='ocrx_word' id='word_1_104' title='bbox 280 1942 449 2027; x_wconf 81' lang='lat' dir='ltr'>collegium</span> <span class='ocrx_word' id='word_1_105' title='bbox 467 1958 615 2007; x_wconf 91' lang='lat' dir='ltr'>nostrum</span> <span class='ocrx_word' id='word_1_106' title='bbox 631 1945 680 2006; x_wconf 89' lang='lat' dir='ltr'>vel</span> <span class='ocrx_word' id='word_1_107' title='bbox 696 1944 780 2007; x_wconf 90' lang='lat' dir='ltr'>aliud</span> <span class='ocrx_word' id='word_1_108' title='bbox 797 1944 823 2007; x_wconf 89' lang='lat' dir='ltr'>ei</span> <span class='ocrx_word' id='word_1_109' title='bbox 849 1944 964 2026; x_wconf 89' lang='lat' dir='ltr'>simile,</span> <span class='ocrx_word' id='word_1_110' title='bbox 987 1960 1063 2010; x_wconf 90' lang='lat' dir='ltr'>tune</span> <span class='ocrx_word' id='word_1_111' title='bbox 1084 1947 1195 2011; x_wconf 89' lang='lat' dir='ltr'>datum</span> 
     </span>
     <span class='ocr_line' id='line_1_16' title="bbox 167 2046 1195 2130; baseline 0.007 -21"><span class='ocrx_word' id='word_1_112' title='bbox 167 2046 377 2130; x_wconf 70' lang='lat' dir='ltr'>,scollegium</span> <span class='ocrx_word' id='word_1_113' title='bbox 401 2063 525 2112; x_wconf 89' lang='lat' dir='ltr'>tenetur</span> <span class='ocrx_word' id='word_1_114' title='bbox 548 2050 682 2112; x_wconf 86' lang='lat' dir='ltr'>relevate</span> <span class='ocrx_word' id='word_1_115' title='bbox 705 2049 824 2112; x_wconf 89' lang='lat' dir='ltr'>dictum</span> <span class='ocrx_word' id='word_1_116' title='bbox 850 2049 984 2113; x_wconf 88' lang='lat' dir='ltr'>militem</span> <span class='ocrx_word' id='word_1_117' title='bbox 1008 2050 1041 2112; x_wconf 93' lang='lat' dir='ltr'>in</span> <span class='ocrx_word' id='word_1_118' title='bbox 1058 2065 1195 2116; x_wconf 82' lang='lat' dir='ltr'>extrema</span> 
     </span>
     <span class='ocr_line' id='line_1_17' title="bbox 208 2152 1194 2241; baseline 0.006 -27"><span class='ocrx_word' id='word_1_119' title='bbox 208 2152 387 2216; x_wconf 84' lang='lat' dir='ltr'>necessitate</span> <span class='ocrx_word' id='word_1_120' title='bbox 411 2153 563 2236; x_wconf 87' lang='lat' dir='ltr'>positum,</span> <span class='ocrx_word' id='word_1_121' title='bbox 588 2167 618 2216; x_wconf 88' lang='lat' dir='ltr'>ct</span> <span class='ocrx_word' id='word_1_122' title='bbox 641 2153 702 2216; x_wconf 90' lang='lat' dir='ltr'>hoc</span> <span class='ocrx_word' id='word_1_123' title='bbox 725 2154 784 2216; x_wconf 92' lang='lat' dir='ltr'>sub</span> <span class='ocrx_word' id='word_1_124' title='bbox 800 2176 884 2237; x_wconf 88' lang='lat' dir='ltr'>pena</span> <span class='ocrx_word' id='word_1_125' title='bbox 900 2156 1019 2237; x_wconf 86' lang='lat' dir='ltr'>peccati</span> <span class='ocrx_word' id='word_1_126' title='bbox 1037 2157 1194 2241; x_wconf 87' lang='lat' dir='ltr'>mortalis;</span> 
     </span>
     <span class='ocr_line' id='line_1_18' title="bbox 207 2257 1193 2341; baseline 0.008 -23"><span class='ocrx_word' id='word_1_127' title='bbox 207 2257 260 2320; x_wconf 88' lang='lat' dir='ltr'>sed</span> <span class='ocrx_word' id='word_1_128' title='bbox 294 2277 361 2319; x_wconf 90' lang='lat' dir='ltr'>nott</span> <span class='ocrx_word' id='word_1_129' title='bbox 405 2272 510 2341; x_wconf 89' lang='lat' dir='ltr'>potest</span> <span class='ocrx_word' id='word_1_130' title='bbox 545 2257 650 2341; x_wconf 89' lang='lat' dir='ltr'>ipsum</span> <span class='ocrx_word' id='word_1_131' title='bbox 686 2259 820 2322; x_wconf 87' lang='lat' dir='ltr'>relevare</span> <span class='ocrx_word' id='word_1_132' title='bbox 861 2258 919 2322; x_wconf 85' lang='lat' dir='ltr'>nisi</span> <span class='ocrx_word' id='word_1_133' title='bbox 955 2275 1040 2324; x_wconf 90' lang='lat' dir='ltr'>emat</span> <span class='ocrx_word' id='word_1_134' title='bbox 1073 2262 1113 2325; x_wconf 91' lang='lat' dir='ltr'>ab</span> <span class='ocrx_word' id='word_1_135' title='bbox 1152 2283 1193 2326; x_wconf 89' lang='lat' dir='ltr'>eo</span> 
     </span>
     <span class='ocr_line' id='line_1_19' title="bbox 208 2350 1193 2450; baseline 0.009 -27"><span class='ocrx_word' id='word_1_136' title='bbox 208 2350 395 2443; x_wconf 84' lang='lat' dir='ltr'>manerium,</span> <span class='ocrx_word' id='word_1_137' title='bbox 435 2384 511 2445; x_wconf 85' lang='lat' dir='ltr'>ergo</span> <span class='ocrx_word' id='word_1_138' title='bbox 546 2376 671 2426; x_wconf 87' lang='lat' dir='ltr'>tenetur</span> <span class='ocrx_word' id='word_1_139' title='bbox 701 2364 733 2425; x_wconf 93' lang='lat' dir='ltr'>in</span> <span class='ocrx_word' id='word_1_140' title='bbox 766 2385 840 2427; x_wconf 86' lang='lat' dir='ltr'>casu</span> <span class='ocrx_word' id='word_1_141' title='bbox 873 2364 933 2427; x_wconf 91' lang='lat' dir='ltr'>sub</span> <span class='ocrx_word' id='word_1_142' title='bbox 966 2386 1048 2449; x_wconf 86' lang='lat' dir='ltr'>pena</span> <span class='ocrx_word' id='word_1_143' title='bbox 1074 2369 1193 2450; x_wconf 84' lang='lat' dir='ltr'>peccati</span> 
     </span>
     <span class='ocr_line' id='line_1_20' title="bbox 208 2466 1194 2553; baseline 0.01 -27"><span class='ocrx_word' id='word_1_144' title='bbox 208 2466 349 2529; x_wconf 86' lang='lat' dir='ltr'>mortalis</span> <span class='ocrx_word' id='word_1_145' title='bbox 379 2488 481 2531; x_wconf 89' lang='lat' dir='ltr'>emere</span> <span class='ocrx_word' id='word_1_146' title='bbox 512 2490 529 2530; x_wconf 87' lang='lat' dir='ltr'>a</span> <span class='ocrx_word' id='word_1_147' title='bbox 562 2467 649 2531; x_wconf 86' lang='lat' dir='ltr'>dicto</span> <span class='ocrx_word' id='word_1_148' title='bbox 682 2467 779 2531; x_wconf 90' lang='lat' dir='ltr'>milite</span> <span class='ocrx_word' id='word_1_149' title='bbox 811 2489 872 2552; x_wconf 88' lang='lat' dir='ltr'>pro</span> <span class='ocrx_word' id='word_1_150' title='bbox 907 2483 1066 2553; x_wconf 89' lang='lat' dir='ltr'>perpetuo</span> <span class='ocrx_word' id='word_1_151' title='bbox 1097 2492 1194 2536; x_wconf 86' lang='lat' dir='ltr'>suum</span> 
     </span>
     <span class='ocr_line' id='line_1_21' title="bbox 62 2572 393 2644; baseline 0.021 -12"><span class='ocrx_word' id='word_1_152' title='bbox 62 2573 69 2584; x_wconf 87' lang='grc'><strong>’</strong></span> <span class='ocrx_word' id='word_1_153' title='bbox 164 2607 197 2644; x_wconf 78' lang='lat'>20</span> <span class='ocrx_word' id='word_1_154' title='bbox 207 2572 393 2639; x_wconf 83' lang='lat' dir='ltr'>manerium.</span> 
     </span>
     <span class='ocr_line' id='line_1_22' title="bbox 250 2676 1364 2760; baseline 0.01 -20"><span class='ocrx_word' id='word_1_155' title='bbox 250 2678 308 2741; x_wconf 91' lang='lat' dir='ltr'>lste</span> <span class='ocrx_word' id='word_1_156' title='bbox 342 2697 431 2740; x_wconf 87' lang='lat' dir='ltr'>casus</span> <span class='ocrx_word' id='word_1_157' title='bbox 462 2677 544 2741; x_wconf 86' lang='lat' dir='ltr'>foret</span> <span class='ocrx_word' id='word_1_158' title='bbox 580 2676 675 2740; x_wconf 88' lang='lat' dir='ltr'>michi</span> <span class='ocrx_word' id='word_1_159' title='bbox 708 2677 801 2740; x_wconf 89' lang='lat' dir='ltr'>nimis</span> <span class='ocrx_word' id='word_1_160' title='bbox 825 2677 974 2760; x_wconf 79' lang='lat' dir='ltr'>difficilis,</span> <span class='ocrx_word' id='word_1_161' title='bbox 1008 2701 1066 2743; x_wconf 89' lang='lat' dir='ltr'>nee</span> <span class='ocrx_word' id='word_1_162' title='bbox 1098 2681 1192 2746; x_wconf 90' lang='lat' dir='ltr'>video</span> <span class='ocrx_word' id='word_1_163' title='bbox 1250 2704 1364 2752; x_wconf 68' lang='lat' dir='ltr'>annaeo</span> 
     </span>
    </p>
   </div>
   <div class='ocr_carea' id='block_1_3' title="bbox 205 2754 1413 2866">
    <p class='ocr_par' dir='ltr' id='par_1_3' title="bbox 205 2754 1413 2866">
     <span class='ocr_line' id='line_1_23' title="bbox 205 2754 1413 2866; baseline 0.01 -21"><span class='ocrx_word' id='word_1_164' title='bbox 205 2781 347 2845; x_wconf 86' lang='lat' dir='ltr'>colorem</span> <span class='ocrx_word' id='word_1_165' title='bbox 370 2783 540 2866; x_wconf 91' lang='lat' dir='ltr'>quomodo</span> <span class='ocrx_word' id='word_1_166' title='bbox 565 2780 647 2845; x_wconf 85' lang='lat' dir='ltr'>foret</span> <span class='ocrx_word' id='word_1_167' title='bbox 673 2781 831 2866; x_wconf 87' lang='lat' dir='ltr'>possibilis</span> <span class='ocrx_word' id='word_1_168' title='bbox 865 2782 923 2845; x_wconf 87' lang='lat' dir='ltr'>nisi</span> <span class='ocrx_word' id='word_1_169' title='bbox 957 2782 1039 2847; x_wconf 89' lang='lat' dir='ltr'>lorte</span> <span class='ocrx_word' id='word_1_170' title='bbox 1070 2754 1413 2856; x_wconf 54' lang='lat' dir='ltr'>dictun1¹⁸¹¹22⁰e⁸t⁸e⁶e⁸2l</span> 
     </span>
    </p>
   </div>
   <div class='ocr_carea' id='block_1_4' title="bbox 137 2862 1413 3911">
    <p class='ocr_par' dir='ltr' id='par_1_4' title="bbox 206 2862 1413 2977">
     <span class='ocr_line' id='line_1_24' title="bbox 206 2862 1413 2977; baseline 0.01 -27"><span class='ocrx_word' id='word_1_171' title='bbox 206 2885 378 2968; x_wconf 80' lang='lat' dir='ltr'>collegium</span> <span class='ocrx_word' id='word_1_172' title='bbox 401 2885 492 2949; x_wconf 90' lang='lat' dir='ltr'>luerit</span> <span class='ocrx_word' id='word_1_173' title='bbox 515 2906 572 2968; x_wconf 90' lang='lat' dir='ltr'>per</span> <span class='ocrx_word' id='word_1_174' title='bbox 599 2886 767 2948; x_wconf 91' lang='lat' dir='ltr'>domiuum</span> <span class='ocrx_word' id='word_1_175' title='bbox 800 2886 897 2949; x_wconf 91' lang='lat' dir='ltr'>huius</span> <span class='ocrx_word' id='word_1_176' title='bbox 929 2888 1027 2952; x_wconf 89' lang='lat' dir='ltr'>seculi</span> <span class='ocrx_word' id='word_1_177' title='bbox 1060 2862 1413 2977; x_wconf 60' lang='lat' dir='ltr'>vincuttsgtllffnlllib‘i„</span> 
     </span>
    </p>

    <p class='ocr_par' dir='ltr' id='par_1_5' title="bbox 163 2990 1193 3183">
     <span class='ocr_line' id='line_1_25' title="bbox 206 2990 1193 3074; baseline 0.007 -22"><span class='ocrx_word' id='word_1_178' title='bbox 206 2990 428 3053; x_wconf 87' lang='lat' dir='ltr'>insolubilibus</span> <span class='ocrx_word' id='word_1_179' title='bbox 450 3011 637 3054; x_wconf 88' lang='lat' dir='ltr'>mammone</span> <span class='ocrx_word' id='word_1_180' title='bbox 672 2990 846 3074; x_wconf 88' lang='lat' dir='ltr'>iniquitatis</span> <span class='ocrx_word' id='word_1_181' title='bbox 878 2993 960 3054; x_wconf 89' lang='lat' dir='ltr'>adeo</span> <span class='ocrx_word' id='word_1_182' title='bbox 989 2993 1193 3059; x_wconf 87' lang='lat' dir='ltr'>cathenatum</span> 
     </span>
     <span class='ocr_line' id='line_1_26' title="bbox 163 3094 1193 3183; baseline 0.004 -24"><span class='ocrx_word' id='word_1_183' title='bbox 163 3114 194 3168; x_wconf 78' lang='lat'>25</span> <span class='ocrx_word' id='word_1_184' title='bbox 206 3096 294 3180; x_wconf 92' lang='lat' dir='ltr'>quod</span> <span class='ocrx_word' id='word_1_185' title='bbox 310 3116 348 3158; x_wconf 81' lang='lat' dir='ltr'>ex</span> <span class='ocrx_word' id='word_1_186' title='bbox 371 3094 576 3158; x_wconf 87' lang='lat' dir='ltr'>induracione</span> <span class='ocrx_word' id='word_1_187' title='bbox 599 3095 772 3159; x_wconf 85' lang='lat' dir='ltr'>necessario</span> <span class='ocrx_word' id='word_1_188' title='bbox 788 3096 984 3179; x_wconf 78' lang='lat' dir='ltr'>dampnabili</span> <span class='ocrx_word' id='word_1_189' title='bbox 1009 3118 1077 3160; x_wconf 92' lang='lat' dir='ltr'>nou</span> <span class='ocrx_word' id='word_1_190' title='bbox 1091 3099 1193 3183; x_wconf 86' lang='lat' dir='ltr'>possit</span> 
     </span>
    </p>

    <p class='ocr_par' dir='ltr' id='par_1_6' title="bbox 205 3199 1192 3282">
     <span class='ocr_line' id='line_1_27' title="bbox 205 3199 1192 3282; baseline 0.005 -19"><span class='ocrx_word' id='word_1_191' title='bbox 205 3200 326 3264; x_wconf 91' lang='lat' dir='ltr'>dictum</span> <span class='ocrx_word' id='word_1_192' title='bbox 361 3199 493 3263; x_wconf 90' lang='lat' dir='ltr'>militem</span> <span class='ocrx_word' id='word_1_193' title='bbox 525 3199 768 3264; x_wconf 89' lang='lat' dir='ltr'>misericorditer</span> <span class='ocrx_word' id='word_1_194' title='bbox 798 3202 947 3282; x_wconf 85' lang='lat' dir='ltr'>relevare,</span> <span class='ocrx_word' id='word_1_195' title='bbox 978 3202 1033 3263; x_wconf 84' lang='lat' dir='ltr'>sed</span> <span class='ocrx_word' id='word_1_196' title='bbox 1066 3223 1192 3267; x_wconf 87' lang='lat' dir='ltr'>necesse</span> 
     </span>
    </p>

    <p class='ocr_par' dir='ltr' id='par_1_7' title="bbox 204 3303 1191 3390">
     <span class='ocr_line' id='line_1_28' title="bbox 204 3303 1191 3390; baseline 0.005 -23"><span class='ocrx_word' id='word_1_197' title='bbox 204 3304 317 3369; x_wconf 88' lang='lat' dir='ltr'>habeat</span> <span class='ocrx_word' id='word_1_198' title='bbox 331 3323 406 3367; x_wconf 91' lang='lat' dir='ltr'>eum</span> <span class='ocrx_word' id='word_1_199' title='bbox 419 3304 457 3366; x_wconf 88' lang='lat' dir='ltr'>de</span> <span class='ocrx_word' id='word_1_200' title='bbox 468 3303 642 3368; x_wconf 88' lang='lat' dir='ltr'>hereditate</span> <span class='ocrx_word' id='word_1_201' title='bbox 654 3318 783 3389; x_wconf 89' lang='lat' dir='ltr'>paterna</span> <span class='ocrx_word' id='word_1_202' title='bbox 792 3305 1039 3389; x_wconf 85' lang='lat' dir='ltr'>dampnabiliter</span> <span class='ocrx_word' id='word_1_203' title='bbox 1047 3307 1191 3390; x_wconf 75' lang='lat' dir='ltr'>spoliare</span> 
     </span>
    </p>

    <p class='ocr_par' dir='ltr' id='par_1_8' title="bbox 205 3408 1191 3476">
     <span class='ocr_line' id='line_1_29' title="bbox 205 3408 1191 3476; baseline 0.003 -3"><span class='ocrx_word' id='word_1_204' title='bbox 205 3411 267 3473; x_wconf 87' lang='lat' dir='ltr'>Sed</span> <span class='ocrx_word' id='word_1_205' title='bbox 294 3429 352 3472; x_wconf 93' lang='lat' dir='ltr'>nec</span> <span class='ocrx_word' id='word_1_206' title='bbox 384 3428 493 3471; x_wconf 87' lang='lat' dir='ltr'>casum</span> <span class='ocrx_word' id='word_1_207' title='bbox 516 3408 610 3470; x_wconf 89' lang='lat' dir='ltr'>illum</span> <span class='ocrx_word' id='word_1_208' title='bbox 632 3409 763 3471; x_wconf 89' lang='lat' dir='ltr'>libenter</span> <span class='ocrx_word' id='word_1_209' title='bbox 785 3408 986 3473; x_wconf 89' lang='lat' dir='ltr'>admitterem</span> <span class='ocrx_word' id='word_1_210' title='bbox 1019 3431 1076 3474; x_wconf 85' lang='lat' dir='ltr'>nec</span> <span class='ocrx_word' id='word_1_211' title='bbox 1105 3411 1191 3476; x_wconf 92' lang='lat' dir='ltr'>aliud</span> 
     </span>
    </p>

    <p class='ocr_par' dir='ltr' id='par_1_9' title="bbox 162 3511 1272 3707">
     <span class='ocr_line' id='line_1_30' title="bbox 205 3511 1272 3595; baseline 0.006 -20"><span class='ocrx_word' id='word_1_212' title='bbox 205 3513 382 3577; x_wconf 89' lang='lat' dir='ltr'>relevamen</span> <span class='ocrx_word' id='word_1_213' title='bbox 404 3511 512 3576; x_wconf 90' lang='lat' dir='ltr'>militis</span> <span class='ocrx_word' id='word_1_214' title='bbox 529 3513 665 3576; x_wconf 89' lang='lat' dir='ltr'>omnino</span> <span class='ocrx_word' id='word_1_215' title='bbox 682 3514 897 3595; x_wconf 79' lang='lat' dir='ltr'>excluderem3</span> <span class='ocrx_word' id='word_1_216' title='bbox 913 3514 974 3576; x_wconf 89' lang='lat' dir='ltr'>tale</span> <span class='ocrx_word' id='word_1_217' title='bbox 990 3513 1077 3576; x_wconf 88' lang='lat' dir='ltr'>enitn</span> <span class='ocrx_word' id='word_1_218' title='bbox 1092 3515 1190 3580; x_wconf 93' lang='lat' dir='ltr'>colle·</span> <span class='ocrx_word' id='word_1_219' title='bbox 1267 3558 1272 3566; x_wconf 91' lang='lat'><strong>·</strong></span> 
     </span>
     <span class='ocr_line' id='line_1_31' title="bbox 162 3617 1191 3707; baseline -0.002 -22"><span class='ocrx_word' id='word_1_220' title='bbox 162 3617 293 3701; x_wconf 82' lang='lat' dir='ltr'>3ogium</span> <span class='ocrx_word' id='word_1_221' title='bbox 325 3618 350 3680; x_wconf 88' lang='lat' dir='ltr'>si</span> <span class='ocrx_word' id='word_1_222' title='bbox 383 3618 463 3683; x_wconf 83' lang='lat' dir='ltr'>soret</span> <span class='ocrx_word' id='word_1_223' title='bbox 495 3633 577 3682; x_wconf 87' lang='lat' dir='ltr'>esset</span> <span class='ocrx_word' id='word_1_224' title='bbox 610 3640 734 3682; x_wconf 90' lang='lat' dir='ltr'>summe</span> <span class='ocrx_word' id='word_1_225' title='bbox 769 3618 988 3703; x_wconf 85' lang='lat' dir='ltr'>dyabulicum,</span> <span class='ocrx_word' id='word_1_226' title='bbox 1029 3617 1105 3702; x_wconf 86' lang='lat' dir='ltr'>quia</span> <span class='ocrx_word' id='word_1_227' title='bbox 1140 3618 1191 3707; x_wconf 92' lang='lat' dir='ltr'>(ut</span> 
     </span>
    </p>

    <p class='ocr_par' dir='ltr' id='par_1_10' title="bbox 137 3721 1192 3911">
     <span class='ocr_line' id='line_1_32' title="bbox 204 3721 1192 3808; baseline 0.003 -25"><span class='ocrx_word' id='word_1_228' title='bbox 204 3721 359 3808; x_wconf 87' lang='lat' dir='ltr'>innuitur)</span> <span class='ocrx_word' id='word_1_229' title='bbox 376 3746 441 3787; x_wconf 93' lang='lat' dir='ltr'>non</span> <span class='ocrx_word' id='word_1_230' title='bbox 464 3737 574 3808; x_wconf 88' lang='lat' dir='ltr'>posset</span> <span class='ocrx_word' id='word_1_231' title='bbox 596 3744 652 3807; x_wconf 89' lang='lat' dir='ltr'>per</span> <span class='ocrx_word' id='word_1_232' title='bbox 666 3723 874 3786; x_wconf 87' lang='lat' dir='ltr'>elemosinam</span> <span class='ocrx_word' id='word_1_233' title='bbox 895 3724 950 3785; x_wconf 88' lang='lat' dir='ltr'>sed</span> <span class='ocrx_word' id='word_1_234' title='bbox 972 3722 1112 3784; x_wconf 88' lang='lat' dir='ltr'>nonnisi</span> <span class='ocrx_word' id='word_1_235' title='bbox 1135 3743 1192 3806; x_wconf 88' lang='lat' dir='ltr'>per</span> 
     </span>
     <span class='ocr_line' id='line_1_33' title="bbox 137 3825 1190 3911; baseline 0.001 -22"><span class='ocrx_word' id='word_1_236' title='bbox 137 3827 399 3911; x_wconf 58' lang='lat' dir='ltr'>tstbsacrilegium</span> <span class='ocrx_word' id='word_1_237' title='bbox 414 3825 434 3871; x_wconf 81' lang='grc'>*</span> <span class='ocrx_word' id='word_1_238' title='bbox 449 3827 571 3890; x_wconf 91' lang='lat' dir='ltr'>dictum</span> <span class='ocrx_word' id='word_1_239' title='bbox 595 3826 729 3891; x_wconf 91' lang='lat' dir='ltr'>militem</span> <span class='ocrx_word' id='word_1_240' title='bbox 751 3827 899 3908; x_wconf 80' lang='lat' dir='ltr'>relevare,</span> <span class='ocrx_word' id='word_1_241' title='bbox 922 3840 953 3889; x_wconf 91' lang='lat' dir='ltr'>et</span> <span class='ocrx_word' id='word_1_242' title='bbox 975 3846 1082 3890; x_wconf 89' lang='lat' dir='ltr'>revera</span> <span class='ocrx_word' id='word_1_243' title='bbox 1104 3828 1190 3891; x_wconf 84' lang='lat' dir='ltr'>Deus</span> 
     </span>
    </p>
   </div>
   <div class='ocr_carea' id='block_1_5' title="bbox 203 3930 1189 4015">
    <p class='ocr_par' dir='ltr' id='par_1_11' title="bbox 203 3930 1189 4015">
     <span class='ocr_line' id='line_1_34' title="bbox 203 3930 1189 4015; baseline 0 -21"><span class='ocrx_word' id='word_1_244' title='bbox 203 3951 270 3994; x_wconf 93' lang='lat' dir='ltr'>non</span> <span class='ocrx_word' id='word_1_245' title='bbox 302 3945 409 4015; x_wconf 89' lang='lat' dir='ltr'>posset</span> <span class='ocrx_word' id='word_1_246' title='bbox 440 3931 559 3994; x_wconf 82' lang='lat' dir='ltr'>salvare</span> <span class='ocrx_word' id='word_1_247' title='bbox 590 3930 652 3994; x_wconf 88' lang='lat' dir='ltr'>tale</span> <span class='ocrx_word' id='word_1_248' title='bbox 682 3930 853 4014; x_wconf 85' lang='lat' dir='ltr'>collegium</span> <span class='ocrx_word' id='word_1_249' title='bbox 882 3930 922 3992; x_wconf 92' lang='lat' dir='ltr'>de</span> <span class='ocrx_word' id='word_1_250' title='bbox 953 3950 1009 3993; x_wconf 88' lang='lat' dir='ltr'>sua</span> <span class='ocrx_word' id='word_1_251' title='bbox 1041 3931 1189 4014; x_wconf 88' lang='lat' dir='ltr'>potencia</span> 
     </span>
    </p>
   </div>
   <div class='ocr_carea' id='block_1_6' title="bbox 173 4035 358 4146">
    <p class='ocr_par' dir='ltr' id='par_1_12' title="bbox 173 4035 358 4146">
     <span class='ocr_line' id='line_1_35' title="bbox 173 4035 358 4146; baseline -0.011 -46"><span class='ocrx_word' id='word_1_252' title='bbox 173 4129 184 4146; x_wconf 33' lang='grc' dir='ltr'><strong>ι</strong></span> <span class='ocrx_word' id='word_1_253' title='bbox 203 4035 358 4100; x_wconf 80' lang='lat' dir='ltr'>absoluta</span> 
     </span>
    </p>
   </div>
   <div class='ocr_carea' id='block_1_7' title="bbox 204 4289 1188 4420">
    <p class='ocr_par' dir='ltr' id='par_1_13' title="bbox 204 4289 1188 4420">
     <span class='ocr_line' id='line_1_36' title="bbox 242 4289 1188 4348; baseline -0.005 -7"><span class='ocrx_word' id='word_1_254' title='bbox 242 4292 295 4341; x_wconf 82' lang='grc' dir='ltr'>3.Α</span> <span class='ocrx_word' id='word_1_255' title='bbox 312 4289 607 4348; x_wconf 66' lang='grc' dir='ltr'>ἱηωιτμδεκιηπὶο.</span> <span class='ocrx_word' id='word_1_256' title='bbox 691 4289 710 4335; x_wconf 77' lang='grc'>5.</span> <span class='ocrx_word' id='word_1_257' title='bbox 725 4289 755 4334; x_wconf 71' lang='lat' dir='ltr'>tes</span> <span class='ocrx_word' id='word_1_258' title='bbox 770 4295 792 4334; x_wconf 86' lang='lat' dir='ltr'>et</span> <span class='ocrx_word' id='word_1_259' title='bbox 804 4300 848 4345; x_wconf 82' lang='lat' dir='ltr'>pet</span> <span class='ocrx_word' id='word_1_260' title='bbox 861 4295 1004 4334; x_wconf 69' lang='lat' dir='ltr'>tenemento</span> <span class='ocrx_word' id='word_1_261' title='bbox 1090 4289 1188 4347; x_wconf 64' lang='grc' dir='ltr'>Μία</span> 
     </span>
     <span class='ocr_line' id='line_1_37' title="bbox 204 4357 860 4420; baseline -0.012 -11"><span class='ocrx_word' id='word_1_262' title='bbox 204 4374 292 4420; x_wconf 64' lang='lat' dir='ltr'>tarrae</span> <span class='ocrx_word' id='word_1_263' title='bbox 305 4361 390 4409; x_wconf 80' lang='lat' dir='ltr'>casus.</span> <span class='ocrx_word' id='word_1_264' title='bbox 497 4372 527 4406; x_wconf 79' lang='lat' dir='ltr'>rt.</span> <span class='ocrx_word' id='word_1_265' title='bbox 543 4362 565 4407; x_wconf 88' lang='grc' dir='ltr'><strong>Λ</strong></span> <span class='ocrx_word' id='word_1_266' title='bbox 581 4361 604 4407; x_wconf 84' lang='lat' dir='ltr'>ia</span> <span class='ocrx_word' id='word_1_267' title='bbox 619 4371 706 4416; x_wconf 62' lang='lat' dir='ltr'>marai</span> <span class='ocrx_word' id='word_1_268' title='bbox 720 4357 860 4416; x_wconf 79' lang='lat' dir='ltr'>Responsio.</span> 
     </span>
    </p>
   </div>
   <div class='ocr_carea' id='block_1_8' title="bbox 0 0 1636 5226">
    <p class='ocr_par' dir='ltr' id='par_1_14' title="bbox 0 0 1636 5226">
     <span class='ocr_line' id='line_1_38' title="bbox 0 0 1636 5226; baseline 0 3"><span class='ocrx_word' id='word_1_269' title='bbox 0 0 1636 5226; x_wconf 95' lang='lat' dir='ltr'> </span> 
     </span>
    </p>
   </div>
   <div class='ocr_carea' id='block_1_9' title="bbox 191 5220 1481 5226">
    <p class='ocr_par' dir='ltr' id='par_1_15' title="bbox 191 5220 1481 5226">
     <span class='ocr_line' id='line_1_39' title="bbox 191 5220 1481 5226; baseline 0 3"><span class='ocrx_word' id='word_1_270' title='bbox 191 5220 1481 5226; x_wconf 95' lang='lat' dir='ltr'> </span> 
     </span>
    </p>
   </div>
  </div>
 </body>
</html>
