3262 5226
690 692 862 747 tonsurus
879 690 1031 744 wrettr.
1165 646 1251 760 [car.
1269 684 1352 730 ann

371 851 446 933 quia
468 849 514 913 sic
530 848 606 913 false
626 848 815 933 promittens
831 847 969 931 superbe
986 847 1141 912 mentitur
1157 845 1196 908 de
1208 845 1352 928 Christo,
1364 868 1428 931 ²07⁸
1444 864 1467 917 s

370 972 444 1016 cum
473 952 649 1017 Corinthiis
676 954 752 1017 dicit
783 952 974 1037 Apostolus:
1008 951 1043 1015 st
1068 950 1148 1036 quid
1170 949 1289 1014 donavi
1320 951 1352 1013 ia

364 1078 510 1145 persona
544 1058 670 1124 Christi.
707 1057 852 1135 Quilibet
891 1077 967 1142 ergo
1004 1056 1176 1141 episcopus
1208 1056 1287 1119 dicit
1319 1056 1351 1119 in
1431 1040 1436 1049 ’

369 1162 469 1228 literis
482 1183 613 1228 suarum
632 1161 905 1247 indulgenciarum
921 1162 1074 1247 implicite
1093 1160 1185 1246 quod
1202 1159 1352 1254 Christus

370 1269 409 1331 de
446 1268 599 1333 thesauro
633 1267 754 1332 domini
792 1268 1064 1351 tantumffdonst.
1113 1267 1155 1330 Et
1191 1280 1282 1351 patet
1316 1282 1380 1334 exs

371 1372 465 1436 dictis
498 1375 538 1436 de
573 1373 737 1437 mendacio
769 1372 857 1457 quod
896 1391 959 1437 non
993 1370 1097 1435 maior
1135 1385 1246 1455 posset
1285 1391 1354 1434 esse

370 1478 570 1560 prelatorum
586 1477 762 1542 delamacio
779 1478 828 1542 vel
845 1477 975 1542 ecclesie
997 1476 1233 1542 scandalizacio
1254 1496 1354 1559 quam

371 1583 477 1646 dicere
505 1583 593 1666 quod
627 1583 659 1646 in
681 1603 776 1646 causa
800 1582 861 1646 Dei
883 1582 924 1645 ad
946 1581 1173 1645 seduccionem
1197 1579 1273 1643 fidei
1298 1601 1354 1664 po·

371 1689 441 1770 puli
461 1687 573 1770 prelati
598 1702 662 1751 tam
685 1687 741 1751 alti
765 1701 832 1750 tam
855 1687 964 1771 patule
989 1686 1205 1750 menciuntur.

155 1799 361 1846 rneossernm
414 1791 489 1855 ldeo
517 1808 580 1856 tres
608 1792 667 1855 alie
688 1791 857 1876 opiniones
891 1810 962 1855 vere
985 1790 1098 1854 dicunt
1120 1790 1209 1875 quod
1239 1806 1387 1859 omnes'l'

156 1852 573 1979 'iiie'iiiiiii‘indulgencie
606 1911 729 1960 tantum
764 1898 872 1961 valent
904 1909 1061 1981 quantum
1091 1909 1169 1959 sunt
1198 1894 1259 1958 rite
1283 1915 1354 1977 pro·

155 1957 523 2084 “riaiii‘ni‘eii'mutgata
548 2000 610 2065 Sed
635 2021 696 2064 una
719 2000 797 2064 dicit
820 2001 909 2085 quod
933 2000 1024 2065 valor
1039 2020 1150 2063 earum
1174 2000 1354 2064 attenditur

370 2121 468 2190 penes
503 2104 598 2168 fidem
627 2120 657 2170 et
685 2105 895 2169 devocionem
918 2104 1047 2169 indulti.
1078 2104 1151 2168 Alia
1175 2123 1252 2167 vero
1277 2105 1353 2168 dicit

371 2210 460 2293 quod
485 2210 573 2273 valor
589 2199 875 2294 ,indulgenciarum
902 2208 1079 2273 attenditur
1110 2229 1209 2292 penes
1233 2210 1352 2272 iustam

371 2315 610 2378 estimacionem
623 2314 737 2379 valoris
747 2315 792 2379 rei
806 2315 889 2379 date.
912 2313 1027 2378 Tercia
1043 2329 1151 2378 autem
1169 2314 1247 2377 dicit
1264 2314 1352 2397 quod
1366 2329 1395 2381 15

371 2419 497 2483 bonitas
531 2419 729 2503 indulgencie
764 2440 838 2484 cum
871 2420 1022 2504 predictis
1054 2419 1185 2503 respicit
1222 2439 1353 2481 causam

371 2543 430 2607 pro
462 2544 526 2608 qua
559 2523 654 2588 datur
686 2524 897 2608 indulgencia.
932 2523 997 2588 Sed
1021 2523 1136 2588 doctor
1159 2524 1236 2587 dicit
1265 2525 1352 2608 quod

178 2636 213 2683 St.
233 2635 341 2681 raom·-
372 2628 550 2691 attenditur
571 2648 667 2712 penes
691 2629 904 2712 quantitatem
922 2628 1111 2692 meritorum
1129 2628 1273 2710 ecclesie,
1290 2648 1353 2712 que

184 2701 239 2746 says
256 2689 305 2734 that
320 2689 336 2732 lt

159 2732 574 2839 dequpnqnopheapplicantur
616 2734 655 2795 ad
697 2734 933 2817 indulgenciam
978 2732 1171 2797 faciendum.
1221 2734 1262 2797 Et
1310 2734 1355 2796 sic

158 2846 328 2942 '⁰“¹¹,‡,¹,'3,'“⁶
339 2852 363 2890 ιο
372 2849 503 2920 oportet
524 2837 612 2922 quod
635 2858 671 2901 ex
694 2851 785 2921 parte
808 2837 914 2901 dantis
938 2838 978 2901 sit
1001 2836 1188 2920 auctoritas,
1211 2858 1249 2901 ex
1265 2852 1355 2919 parte
1367 2867 1399 2902 πο

374 2941 554 3025 recipientis
571 2942 696 3023 caritas,
713 2956 744 3005 et
765 2962 803 3005 ex
818 2956 909 3026 parte
925 2962 1020 3005 cause
1036 2941 1150 3024 pietas,
1176 2962 1275 3027 penes
1292 2962 1355 3025 que

373 3046 481 3107 omnia
515 3047 608 3136 simul
642 3046 819 3110 attenditur
850 3046 1050 3130 indulgencie
1074 3047 1249 3131 quantitas,
1278 3048 1355 3129 quia

374 3150 481 3212 omnia
506 3151 564 3213 ista
581 3151 751 3236 respiciunt
768 3152 922 3215 honorem
941 3152 998 3214 Dei
1015 3165 1046 3215 et
1069 3129 1240 3215 uiilitatem
1258 3152 1356 3213 eccle-

375 3255 428 3317 sie.
468 3256 507 3318 Et
544 3275 640 3339 penes
677 3271 851 3341 utrumque
884 3257 1020 3319 istorum
1052 3255 1231 3319 attenditur
1267 3257 1357 3318 valor

375 3361 588 3442 indulgencie,
613 3376 642 3423 et
666 3361 710 3424 sic
733 3358 783 3448 (ut
808 3359 899 3448 dicit)
924 3381 981 3424 nec
1004 3381 1061 3444 per
1086 3361 1164 3424 tales
1190 3359 1357 3442 indulgen·
1370 3374 1400 3426 25

375 3465 438 3527 cias
470 3481 645 3552 peccatum
672 3466 845 3529 remittitur
878 3486 934 3529 nec
965 3486 1048 3550 pena
1077 3465 1263 3545 remittitur,
1302 3467 1375 3533 sed.

377 3570 471 3632 unius
495 3591 576 3653 pena
600 3571 688 3632 alteri
712 3584 941 3634 commutatur.
966 3569 1028 3633 sea
1054 3584 1165 3634 contra
1188 3570 1248 3632 ista
1273 3571 1358 3631 dicta

118 3687 120 3689 ’
172 3679 233 3726 This
247 3680 303 3723 doe·
318 3686 357 3723 aot
378 3675 505 3737 videtur
547 3676 650 3758 primo
691 3675 778 3759 quod
824 3696 887 3738 non
931 3674 1121 3757 generaliter
1164 3688 1389 3739 excusantura

186 3739 286 3777 account
303 3733 341 3775 lor

160 3780 469 3892 dlffjggfflyu‘ssitere
494 3780 768 3862 indulgenciarum
786 3800 803 3841 a
820 3780 999 3859 mendacio,
1022 3780 1097 3862 quia
1122 3798 1196 3860 sepe
1213 3778 1245 3839 in
1263 3797 1358 3840 causa

159 3887 407 3986 ²⁸¹}ffil52„{2,¹⁰'et
432 3883 607 3946 devocione
631 3886 763 3947 omnino
787 3881 954 3963 con'simili,
979 3895 1268 3967 quantumcunque
1297 3883 1403 3946 dis-30

240 3958 253 3995 ⁵
326 3973 332 3984 ⁹
378 3988 497 4068 pariter
529 3989 992 4069 conceduntur'indulgencie,
1030 4006 1108 4068 ergo
1142 3986 1193 4048 vel
1229 4000 1359 4067 oportet

378 4094 552 4156 concedere
580 4094 665 4177 quod
691 4094 837 4155 absolute
867 4093 973 4155 valent
997 4089 1200 4173 indulgencie
1223 4110 1358 4173 propor-

377 4198 545 4261 cionaliter
567 4199 606 4260 ad
631 4198 846 4260 intencionem
866 4196 1082 4276 concedentis,
1107 4210 1138 4258 et
1162 4193 1206 4256 sic
1231 4195 1360 4256 mentiri

417 4436 436 4483 i.
450 4440 560 4498 quilibe13
575 4441 609 4484 Aa
624 4440 689 4496 quilt.
703 4439 746 4495 Δρ
761 4439 868 4496 qualiter.
974 4447 1004 4480 ar.
1019 4447 1105 4494 penem
1120 4434 1137 4479 Β
1151 4436 1202 4493 pu'.

424 4635 446 4669 a.
459 4619 480 4670 ll
500 4619 558 4669 Cor.
570 4619 600 4683 ll,
616 4586 656 4668 tn:
669 4617 700 4668 Si
712 4616 776 4684 quid
786 4615 894 4676 donavi,
900 4623 1017 4683 propter
1027 4629 1073 4665 vos
1085 4616 1112 4665 ist
1119 4627 1239 4681 persona
1249 4612 1361 4664 Christi.
