3262 5226
235 450 280 512 ²6
774 463 941 517 tonsurus
958 462 1104 517 wicun.
1321 445 1401 537 [can.
1411 461 1440 506 n.

255 641 293 688 tte
307 648 388 686 mean
402 646 428 683 io
458 643 570 687 omnes
601 619 762 705 principes
794 621 889 684 seculi
921 643 1028 687 secum
1063 636 1284 686 conversantes
1323 622 1509 690 debentur·
1526 639 1554 691 Δ
1598 606 1630 697 :3²3

233 691 565 854 Ἒὲὶὲξέοῗξῖρεκη
587 723 644 787 sibi
670 737 701 787 et
723 723 902 808 cuicunque
917 747 998 811 pape
1020 725 1074 811 qui
1098 724 1193 790 luerit
1215 746 1273 808 pro
1296 740 1440 808 tempore

305 850 380 906 eope
457 846 493 894 ut
508 828 600 914 capiti
617 842 723 891 sancte
739 828 848 891 matris
863 829 999 893 ecclesie.
1020 830 1067 893 lix
1081 849 1149 914 quo
1164 829 1289 893 videtur
1307 829 1438 893 innuere

456 935 545 1020 quod
574 934 642 1018 ipse
675 945 706 996 et
738 932 920 1018 quicunque
942 955 1024 1019 papa
1061 934 1100 999 sit
1129 946 1225 1018 caput
1256 933 1438 997 universalis

456 1038 593 1104 ecclesie.
632 1036 674 1100 Et
715 1037 828 1100 eodem
869 1039 969 1101 modo
1008 1039 1132 1103 videtur
1168 1039 1257 1123 quod
1293 1038 1463 1124 intelligits

455 1144 635 1206 Romanam
667 1139 830 1204 ecclesiam
860 1140 1058 1225 singulariter
1087 1143 1175 1206 illam
1208 1142 1241 1205 in
1275 1163 1338 1226 qua
1370 1143 1438 1227 ipse

456 1232 590 1330 presidet
612 1264 689 1308 cum
704 1244 913 1309 cardinalibus
936 1245 986 1309 cui
1006 1246 1047 1310 sit
1068 1245 1279 1310 necessarium
1299 1246 1436 1311 obedire.

284 1388 399 1431 ans-m
500 1350 560 1413 llic
581 1349 696 1413 dicitur
721 1349 810 1432 quod
832 1349 938 1413 nullus
953 1371 1036 1433 papa
1058 1350 1134 1413 citra
1148 1348 1312 1414 Christum
1334 1363 1439 1433 potest

233 1438 352 1537 “23322'
360 1445 445 1535 ἓξὲξ·
454 1453 606 1518 catholice
629 1453 708 1516 illud
730 1453 904 1518 intendere:
936 1453 1009 1517 ideo
1039 1473 1105 1517 non
1128 1453 1222 1517 debet
1243 1453 1382 1537 supponi
1404 1453 1437 1517 in

245 1543 388 1602 hissphensy
408 1551 433 1587 to

274 1595 405 1652 1¹²er
454 1559 586 1622 domino
617 1579 702 1643 papa
732 1572 819 1622 tante
845 1558 1017 1624 blasfemia.
1049 1560 1133 1623 Nam
1156 1558 1243 1623 iuxta
1264 1557 1436 1621 secundam
1450 1585 1481 1622 ιο

454 1664 691 1728 conclusionem
715 1661 809 1726 unica
831 1677 877 1727 est
899 1663 969 1726 talis
991 1663 1120 1727 ecclesia
1152 1662 1242 1727 cuius
1273 1675 1369 1746 caput
1390 1675 1437 1725 est

454 1767 609 1850 Christus,
632 1780 664 1832 et
686 1787 752 1831 non
776 1766 869 1832 babet
890 1767 923 1829 in
946 1766 1034 1831 terris
1060 1767 1163 1831 multa
1190 1765 1304 1850 capita,
1330 1785 1372 1828 ne
1398 1765 1439 1829 sit
1513 1823 1515 1826 .
1596 1722 1630 1829 i*

452 1887 640 1937 monstrum.
652 1871 739 1937 Cum
754 1891 829 1956 ergo
843 1870 952 1934 nullus
961 1869 1075 1935 Christi
1084 1871 1220 1935 vicarius
1231 1870 1271 1934 sit
1280 1869 1435 1951 Christus,

454 1977 595 2063 sequitur
616 1977 706 2063 quod
729 1975 836 2040 nullus
867 1974 984 2040 Christi
1006 1975 1139 2066 vicarius
1162 1974 1203 2040 sit
1234 1989 1330 2060 caput
1351 1974 1436 2039 illius

455 2080 590 2146 ecclesie.
624 2081 825 2145 Antecedens
860 2080 949 2145 istius
981 2079 1212 2165 consequencie
1243 2080 1375 2164 ponitur
1403 2079 1436 2142 in
1450 2090 1479 2144 ι5

454 2188 536 2251 dicta
558 2186 704 2251 decretali
731 2186 907 2249 secundum
929 2185 1103 2271 quamlibet
1125 2184 1194 2248 eius
1216 2198 1347 2268 partem
1371 2184 1437 2246 Nec

453 2291 576 2355 videtur
607 2290 801 2355 catholicum
829 2291 917 2375 quod
947 2290 1030 2354 dicta
1060 2288 1223 2353 decretalis
1246 2288 1294 2351 ,sit
1315 2286 1348 2350 in
1374 2286 1436 2350 hoc

455 2395 659 2480 impossibilis
680 2395 732 2458 vel
754 2394 931 2479 improvide
953 2394 1057 2479 posita
1088 2396 1197 2480 quoad
1219 2392 1356 2479 logicam
1387 2393 1436 2454 vel

453 2499 714 2585 metaphysicam.

231 2635 445 2699 tenemusne
497 2605 558 2668 Sed
581 2604 632 2668 hic
660 2617 769 2689 posset
798 2603 982 2688 responderi
1006 2603 1182 2687 tripliciter:
1214 2601 1319 2687 primo
1346 2601 1459 2687 quodt

240 2688 435 2802 f2223222¹⁸
455 2708 599 2774 Christus
630 2722 662 2772 et
692 2722 760 2772 tota
794 2708 948 2773 successio
975 2728 1108 2772 suorum
1138 2707 1329 2771 vicariorum
1361 2719 1437 2769 sunt

232 2804 320 2889 ’Ἥ
329 2793 445 2889 figis*
455 2834 556 2878 unum
592 2827 688 2897 caput
722 2813 928 2899 aggregative,
954 2813 1010 2876 sed
1040 2812 1146 2876 nullus
1178 2832 1290 2876 eorum
1316 2831 1372 2894 per
1393 2829 1466 2873 ses

232 2931 294 3028 rip·
308 2931 391 3027 {aaa
406 2932 446 3028 spe
455 2917 681 3002 Verumtamen
698 2937 763 2980 non
780 2919 873 2981 credo
887 2917 1027 3002 aliquem
1041 2916 1234 2980 catholicum
1249 2916 1316 2979 sani
1328 2913 1438 2999 capitis

279 2995 410 3090 ‘'cunii‘’
455 3020 515 3084 hoc
542 3022 668 3101 sentire,
694 3021 770 3107 quia
793 3036 867 3086 tunc
891 3036 1055 3106 negaretur
1070 3020 1233 3085 Christum
1257 3042 1324 3084 esse
1343 3032 1438 3103 caput

455 3126 637 3189 universalis
649 3125 789 3204 ecclesie,
799 3127 854 3189 sed
864 3146 966 3189 unum
979 3139 1183 3209 aggregatum
1192 3125 1280 3188 cuius
1290 3123 1435 3188 Christus
1446 3131 1477 3183 25

454 3228 532 3293 soret
554 3250 637 3313 pars,
661 3244 692 3294 et
715 3229 759 3292 sic
774 3229 931 3312 integrum
954 3250 1069 3314 corpus
1085 3228 1202 3293 Christi
1227 3249 1292 3290 non
1308 3228 1436 3290 haberet

454 3333 616 3398 Christum
639 3349 749 3417 caput3
784 3335 871 3418 quod
894 3348 1007 3417 reputo
1030 3354 1095 3396 non
1127 3334 1235 3396 minus
1264 3331 1436 3394 hereticum

454 3458 550 3521 quam
582 3437 783 3504 blaslcmum.
815 3438 973 3518 Similiter,
1001 3458 1075 3501 cum
1098 3436 1242 3501 Christus
1270 3436 1310 3499 sit
1342 3441 1467 3517 caputh

454 3543 554 3606 tocius
577 3542 791 3606 multitudinis
813 3541 1002 3605 vicariorum
1029 3562 1163 3605 suorum
1197 3556 1228 3605 et
1261 3538 1319 3623 ipsi
1344 3550 1438 3621 caput

397 3699 401 3705 .
454 3646 554 3710 tocius
597 3645 725 3726 residui,
767 3646 890 3709 videtur
935 3647 1024 3731 quod
1064 3646 1132 3730 ipse
1178 3645 1217 3709 sit
1258 3643 1482 3725 archicaputso

455 3751 555 3815 tocius
578 3750 707 3814 ecclesie
730 3764 761 3814 et
784 3751 890 3814 nullus
912 3770 1033 3814 eorum.
1062 3750 1203 3814 Vocatur
1235 3747 1321 3811 enim
1344 3761 1465 3830 caputo

455 3856 560 3918 matris
584 3855 712 3918 ecclesie
734 3856 823 3940 quod
847 3875 912 3917 non
935 3853 1151 3918 communicat
1183 3872 1257 3916 curn
1289 3849 1438 3913 membris

455 3959 596 4043 corporis
619 3959 651 4021 in
676 3973 788 4023 natura
809 3959 869 4022 alia
891 3958 1053 4042 singulari,
1084 3957 1159 4042 quia
1190 3956 1279 4019 aliter
1309 3955 1437 4019 haberet

499 4140 514 4172 r.
522 4128 543 4172 Α
550 4142 557 4170 s
565 4134 731 4173 conversantes
740 4140 828 4185 parere.
837 4131 880 4186 A,=
893 4135 998 4185 parerent
1005 4127 1106 4172 correxit
1113 4126 1136 4171 in
1144 4138 1221 4181 marg.
1273 4126 1293 4170 8.
1303 4123 1352 4168 liin
1360 4134 1439 4178 rnsrgs

454 4197 595 4254 Responsio.
662 4198 727 4242 soli
741 4199 764 4244 in
779 4211 859 4254 marg:
875 4197 959 4244 Tereia
974 4196 1104 4254 responsio.
1171 4194 1361 4250 31.Blnnssrg=
1376 4192 1439 4247 Quid

456 4274 550 4313 socstnr
563 4274 634 4324 caput
648 4266 731 4337 matris
744 4267 857 4313 ecclesie?
912 4264 943 4313 ³3.
957 4266 987 4311 B:
1002 4266 1024 4312 ln
1040 4275 1120 4312 natura
1135 4273 1182 4310 snt.

503 4390 540 4445 sti.
556 4395 658 4445 Decret.
671 4392 756 4445 Unsrn
769 4404 894 4444 sanctam.
907 4393 1010 4444 Extrsv.
1024 4406 1121 4444 comm.
1132 4389 1177 4443 lib.
1188 4392 1206 4456 l,
1223 4391 1262 4442 tit.
1273 4387 1340 4451 Vlll,
1355 4400 1411 4453 esp.
1423 4386 1441 4438 l.
