3262 5226
157 424 201 487 68
707 431 877 487 Jonauuts
896 430 1045 485 wicun.
1231 410 1364 502 [canni.

166 609 267 655 mna·-
284 608 350 654 vicar
372 606 403 657 et
425 591 628 677 pauperrimo
655 589 830 653 ministerio
858 608 975 673 sponse
998 607 1064 654 sue.
1088 588 1265 665 Quomodo
1289 605 1364 669 ergo
1378 599 1479 670 rire

166 662 349 759 diffidi}
373 696 439 761 eius
468 694 602 759 vicarius
623 693 740 778 preerit
770 693 825 757 uni
856 691 1102 774 adolescentule,
1135 690 1195 755 nisi
1221 705 1310 776 gerat
1332 689 1365 754 in

167 765 350 863 ''glaciei'‘
374 799 515 863 moribus
551 797 654 862 vicem
691 796 819 878 Christi,
857 816 925 861 non
963 795 1090 880 exigens
1126 795 1365 860 subieccionem

374 903 497 966 civilem
529 922 629 987 quam
661 900 807 965 Christus
838 920 905 963 non
937 913 1044 983 potest
1075 895 1214 984 exigere?
1235 895 1255 936 *
1278 897 1441 976 Peri-137⁴

374 1007 482 1071 culum
511 1019 620 1069 autem
658 1004 838 1090 predictum
875 1003 916 1068 de
953 1004 1198 1089 presumpcione
1237 990 1392 1088 stupidas

374 1123 539 1175 exterreret
554 1123 708 1195 sensatos,
724 1130 764 1173 ne
780 1111 976 1174 contendant
990 1108 1070 1172 circa
1085 1097 1241 1193 primatus
1256 1121 1366 1172 sancte

374 1213 481 1279 matris
503 1214 633 1280 ecclesie
655 1215 708 1279 vel
729 1215 897 1297 tamquam
917 1214 949 1276 in
965 1235 1002 1277 ea
1016 1228 1072 1277 aut
1087 1235 1123 1278 ex
1147 1235 1181 1278 ea
1207 1211 1364 1298 capitanei

373 1317 496 1402 exigant
518 1319 699 1383 seculariter
720 1319 806 1382 bona
827 1318 905 1383 eius.
929 1317 1018 1381 Talis
1045 1317 1132 1381 enim
1159 1315 1364 1401 presumpcio

373 1421 550 1487 excluderet
582 1422 814 1504 contenciosos,
843 1443 884 1486 ne
911 1421 974 1485 sint
995 1422 1046 1484 vel
1069 1422 1211 1485 membra
1242 1421 1365 1486 abiecta

372 1523 466 1590 huius
489 1527 643 1611 corporis,
667 1547 743 1591 cum
764 1528 943 1590 secundum
961 1546 1075 1590 omnes
1093 1525 1159 1589 eius
1181 1539 1308 1590 naturas
1324 1524 1366 1590 sit
1378 1554 1411 1591 ιο

373 1630 595 1714 compaginata
625 1631 839 1716 proporcione
870 1631 926 1695 tali
960 1629 1141 1712 armonica;
1171 1631 1259 1715 quod
1297 1650 1364 1694 non

375 1746 422 1797 est
450 1735 601 1818 possibile
631 1738 722 1822 quod
756 1737 933 1801 secundum
962 1735 1084 1820 aliquas
1107 1736 1175 1799 eius
1197 1750 1303 1820 partes
1325 1735 1366 1799 sit
1428 1745 1430 1749 ’

376 1838 584 1904 contrariacio
606 1856 771 1927 perpetua,
787 1862 863 1906 cum
878 1854 1008 1925 oportet
1029 1841 1070 1904 ad
1093 1835 1245 1904 ultimum
1259 1841 1364 1925 quod·

373 1941 448 2007 libet
469 1945 654 2009 membrum
676 1945 744 2009 eius
766 1959 977 2009 consentanee
1000 1944 1107 2008 iuvare
1130 1944 1295 2028 quodlibet
1315 1941 1366 2030 (ut

374 2044 465 2110 docet
486 2050 653 2132 apostolus
676 2050 703 2113 1·
714 2048 789 2114 Cor.
804 2048 905 2135 xie).
921 2050 1006 2113 Nam
1020 2047 1092 2112 finis
1106 2069 1166 2133 pro
1188 2069 1255 2134 quo
1279 2067 1365 2112 nunc
1378 2060 1409 2113 15

375 2148 546 2217 militamus
569 2168 617 2218 est
650 2168 686 2218 ut
709 2153 878 2218 unanimes
901 2174 968 2218 uno
991 2174 1044 2218 ore
1068 2154 1135 2218 sine
1154 2151 1366 2237 usurpacione

375 2253 467 2317 alieni
489 2255 586 2320 olficii
608 2257 642 2321 in
666 2258 774 2342 quiete
797 2272 950 2343 perpetua
973 2258 1185 2341 conletemur5
1208 2279 1271 2342 que
1295 2257 1365 2322 leti·

375 2355 422 2420 cia
450 2380 470 2422 n
501 2361 592 2425 nullo
624 2361 776 2448 queritur,
800 2362 860 2424 nisi
884 2360 916 2425 in
939 2361 991 2424 via
1012 2364 1148 2427 tendunt
1169 2363 1210 2424 ad
1238 2360 1367 2425 finalem

376 2464 588 2529 concordiam.
612 2466 818 2551 Temporalia
846 2466 933 2529 enim
960 2466 1059 2531 abusa
1080 2480 1206 2531 tenetur
1227 2466 1367 2551 prelatus

375 2566 590 2655 restituere(ut
598 2583 686 2654 patet
694 2569 1022 2654 perArchidinconum
1032 2571 1367 2652 XLlV¹distinccione,
1378 2595 1413 2633 so

362 2683 405 2733 -et
438 2672 592 2737 declaravi
622 2687 713 2738 sexto
736 2673 877 2759 capitulo
901 2671 1011 2761 .....)
1041 2676 1082 2738 Et
1103 2674 1276 2758 primatum
1301 2696 1367 2739 non

253 2765 264 2779 ⁰
376 2777 467 2842 debet
489 2778 619 2842 clericus
642 2777 857 2864 principaliter
878 2799 1008 2863 querere
1031 2781 1086 2843 sed
1105 2779 1262 2861 laborem;
1278 2780 1369 2843 aliter

362 2881 460 2945 -enim
492 2896 539 2947 est
571 2883 795 2964 mercenarius,
827 2904 894 2946 non
926 2875 1046 2968 pastor,
1068 2899 1105 2949 ut
1127 2885 1299 2969 allegatum
1322 2896 1369 2947 est

356 2986 407 3048 ‘in
425 2986 582 3071 principio
605 2987 700 3052 huius
723 2988 852 3072 capituli
877 3009 915 3051 ex
935 2989 1061 3053 decreto
1072 2989 1168 3070 Vlll¹,
1191 2989 1258 3074 ql:
1289 2988 1370 3051 Sunt
1428 3009 1433 3017 ·

187 3105 346 3164 nurrnoprre
382 3092 416 3154 in
438 3092 583 3155 ecclesia.
615 3094 719 3176 Super
750 3113 817 3178 quo
852 3092 928 3156 dicit
950 3093 1201 3157 Archidiaconus
1224 3095 1312 3178 quod
1335 3096 1413 3156 inas

158 3160 245 3203 sironld
260 3159 290 3203 be
308 3159 370 3205 eesi·
463 3198 469 3210 .
587 3199 594 3213 .
975 3199 1006 3212 ..
1102 3200 1169 3215 ..
1314 3197 1316 3202 ·

158 3211 370 3270 materiamen,
382 3197 520 3278 quolibet
540 3208 730 3280 episcopatu
745 3208 821 3261 sunt
836 3197 913 3274 duo,
933 3198 1056 3261 scilicet
1075 3197 1220 3283 drgrrrtas
1239 3209 1370 3281 etopus

192 3263 337 3308 noriortne
585 3303 592 3317 ,
645 3305 652 3318 ,
973 3304 980 3319 .
1139 3301 1146 3315 .
1232 3303 1238 3315 .

216 3316 316 3374 argum.
381 3300 425 3363 ad
446 3302 534 3385 quod
556 3304 703 3386 dignitas
727 3323 802 3367 vere
825 3312 1044 3386 consequitur.
1067 3305 1107 3366 Et
1123 3323 1166 3366 sic
1185 3321 1370 3386 quicunque

378 3420 558 3489 prepostere
569 3407 715 3471 ambiunt
724 3407 902 3491 dignitates,
913 3421 948 3470 ut
960 3406 1022 3469 sint
1034 3421 1201 3492 tamquam
1211 3426 1369 3470 mercena·

380 3508 416 3571 rii
439 3523 470 3574 et
492 3530 558 3573 non
574 3526 611 3576 ut
626 3513 770 3576 membra
786 3511 925 3592 ecclesie,
941 3533 974 3575 se
989 3512 1126 3574 reddunt
1141 3509 1368 3595 dampnabiles.

378 3613 420 3676 Et
440 3611 521 3679 lorte
543 3614 576 3678 in
600 3615 660 3680 isto
684 3617 824 3700 capitulo
847 3630 923 3680 sunt
945 3616 1075 3701 quidam
1098 3616 1192 3680 hodie
1224 3616 1281 3701 qui
1303 3635 1369 3676 non
1382 3624 1415 3677 30

378 3730 501 3782 tantum
523 3720 747 3805 appreciantur
768 3719 894 3784 lucrum
917 3720 1038 3786 fructus
1061 3721 1165 3804 operis
1181 3717 1371 3803 evangeliste

420 3921 443 3967 6.
462 3922 493 3967 lis
516 3933 642 3971 exerceret.
660 3927 683 3970 Α
704 3925 728 3970 ln
750 3937 838 3982 marg:
861 3922 968 3970 llembru
990 3932 1071 3970 sancte
1097 3925 1194 3970 ecclesie
1214 3934 1270 3971 runt
1298 3925 1372 3970 nnita.

377 3992 469 4057 (Abone
483 3993 553 4048 137¹.)
633 3994 662 4039 rs.
678 3994 695 4039 B
709 3994 733 4040 in
748 4005 834 4051 maru:
851 4006 867 4039 ι.
883 3992 939 4039 Cor.
954 3993 1005 4039 xil.
1073 4005 1108 4039 no.
1123 3993 1161 4040 Sc.
1177 4007 1219 4051 per
1233 3993 1370 4040 Gnidonem

378 4060 407 4105 de
421 4061 510 4119 Bnysis,
527 4063 652 4110 archidiae
666 4063 850 4109 Bononiensem.
959 4076 990 4109 ri.
1005 4063 1121 4120 capituio;
1140 4064 1163 4109 in
1178 4064 1250 4109 codd.
1266 4062 1373 4120 sequitur

378 4132 467 4176 iacens.
477 4129 516 4176 Vl.
529 4133 655 4193 capiundi.
670 4134 740 4178 liuius
754 4134 808 4178 iibri
823 4131 856 4177 lie
871 4131 979 4178 ecclesis.
1032 4144 1069 4188 ai.
1084 4134 1106 4177 Α
1120 4133 1143 4177 ln
1159 4132 1374 4189 maraensium.

379 4197 397 4242 B
411 4201 435 4246 in
450 4212 525 4258 marg.
545 4213 609 4248 man.
625 4214 686 4248 rece
702 4216 726 4261 q.
743 4215 751 4248 ι
776 4203 811 4248 vei
825 4213 847 4246 a.
862 4201 914 4246 nu
929 4201 953 4247 in
967 4214 1057 4259 marae
1071 4202 1270 4248 archidiaconus.

423 4375 464 4428 ²⁴·
483 4348 586 4415 Decreti
605 4365 721 4418 secunda
738 4380 800 4435 pars
818 4379 898 4416 cause
916 4364 985 4429 vili,
1001 4380 1029 4433 q.
1048 4363 1066 4428 l,
1084 4378 1141 4433 cap.
1166 4363 1231 4415 xiil.
1286 4409 1291 4419 .
1309 4410 1313 4418 .
