3262 5226
158 590 220 655 262
703 594 872 650 tonsurus
889 595 1038 649 wncmr.
1216 569 1308 664 [cae.
1328 582 1380 629 xo.

171 775 261 833 ῳιιιι
274 771 349 817 untes
371 771 407 823 ut
415 757 562 822 recitatur
571 754 696 835 XXIH',
709 774 740 839 q.
752 753 805 832 tv,
818 751 872 816 ubi
887 751 1017 816 dicitur:
1027 751 1086 814 Est
1099 751 1218 814 iniusta
1232 747 1356 811 miseri·
1370 760 1468 815 165011

156 822 361 938 lfsl'ldb'b‘l
370 862 493 927 cordia.
510 861 659 944 Denique
673 859 830 940 scriptum
847 867 894 920 est
908 856 949 920 de
969 856 1129 940 quodam:
1143 853 1215 924 Non
1228 854 1356 916 misere·

372 967 457 1032 beris
471 967 570 1044 illius,
586 960 826 1026 Deuteronomii
841 960 941 1041 X1X0,
961 961 1009 1041 13,
1023 970 1055 1024 et
1072 962 1105 1024 in
1122 959 1214 1022 libris
1230 959 1355 1043 Regum

373 1072 496 1157 legitur
515 1068 602 1154 quod
625 1066 709 1130 Saul
729 1067 895 1130 contraxit
916 1064 1084 1149 offensam,
1107 1065 1182 1147 quia
1206 1062 1357 1127 misertus

370 1187 419 1240 est
430 1179 527 1261 Agag
542 1192 651 1259 regem
662 1171 799 1235 hostium
815 1189 908 1252 quem
920 1170 1090 1252 prohibuit
1108 1169 1218 1232 diuina
1232 1177 1381 1233 senten-5

371 1278 422 1343 cia
447 1279 590 1356 serrari,
609 1276 639 1339 Ιο
666 1275 792 1360 Regum
815 1274 901 1340 ΧΨ.
923 1271 1037 1357 Itaque
1055 1275 1084 1337 si
1107 1273 1178 1355 quis
1196 1271 1354 1335 latronem

360 1383 447 1467 filiis
477 1379 729 1467 deprecantibus
761 1387 865 1441 motus
887 1390 918 1442 et
940 1378 1086 1442 lacrimis
1109 1377 1257 1462 coniugis
1285 1377 1355 1440 eius

372 1489 511 1570 inplexos
533 1483 766 1550 absolvendum
786 1493 894 1567 putat,
932 1485 987 1547 cui
1009 1483 1116 1546 adbuc
1139 1480 1357 1545 latrocinandi

372 1593 494 1675 aspiret
514 1591 665 1676 affectus,
688 1608 796 1654 nonne
819 1589 1005 1652 innocentes
1027 1588 1134 1651 tradet
1161 1588 1268 1652 exicio
1298 1587 1356 1670 qui

371 1698 420 1760 sic
452 1696 568 1761 liberat
601 1695 779 1758 multorum
812 1694 919 1757 exicia
954 1693 1178 1778 cogitantem?
1212 1691 1307 1754 Certe
1328 1691 1357 1754 si
1369 1717 1399 1754 ιο

371 1800 520 1885 gladium
557 1799 679 1863 domini
711 1798 870 1879 reprimit,
901 1797 1033 1862 uincula
1064 1796 1219 1873 dissolvit,
1263 1795 1356 1859 laxat

372 1905 516 1981 exilium,
533 1903 629 1966 *cur
658 1901 878 1967 latrocinandi
920 1920 985 1986 qua
1012 1912 1121 1985 potest
1150 1900 1430 1965 clemenciori165⁴

373 2011 425 2074 uia
447 2029 510 2074 non
533 2009 630 2092 eripit
642 2006 841 2092 facultatem
867 2007 924 2091 qui
944 2007 1138 2093 uoluntatem
1160 2018 1358 2093 extorquere

373 2133 437 2178 non
454 2114 587 2196 potuit?
601 2111 729 2177 Deinde
751 2116 836 2176 inter
861 2112 953 2193 duos,
968 2112 1029 2176 boc
1050 2123 1109 2193 est,
1133 2124 1355 2179 accusatorem

373 2229 402 2283 et
425 2237 526 2299 reum,
544 2217 627 2300 pari
632 2216 787 2300 periculo
811 2216 851 2279 de
872 2217 978 2299 capite
992 2216 1201 2297 decertantes,
1214 2220 1354 2285 alterum
1370 2224 1398 2278 ι5

373 2322 404 2386 si
439 2342 502 2387 non
534 2320 719 2405 probasset,
743 2320 881 2385 alterum
913 2320 945 2384 si
976 2332 1058 2385 esset
1088 2322 1130 2386 ab
1166 2335 1356 2390 accusatore

374 2429 546 2508 convictus,
561 2427 591 2491 si
606 2444 671 2489 non
688 2425 723 2489 id
737 2425 825 2509 quod
846 2426 970 2508 iusticie
985 2438 1033 2491 est
1048 2427 1149 2492 iudex
1163 2439 1356 2512 exequatur,

374 2532 432 2596 sed
462 2533 634 2596 miseretur
665 2530 815 2610 alterius,
846 2542 904 2595 aut
940 2526 1129 2614 dampnabit
1164 2535 1356 2616 probantem

375 2646 432 2698 aut
453 2635 530 2698 dum
554 2635 743 2698 accusatori
754 2634 863 2720 sanet,
885 2634 974 2719 quod
991 2637 1137 2720 probare
1160 2657 1224 2703 non
1241 2644 1358 2724 possit,

375 2740 503 2804 addicet
534 2740 716 2804 innoxium.
767 2739 840 2804 Non
867 2750 974 2823 potest
1001 2760 1081 2826 ergo
1105 2742 1163 2805 bec
1185 2744 1252 2807 dici
1274 2747 1358 2809 iusta
1369 2764 1402 2799 ²⁰

378 2844 614 2910 misericordia.
652 2842 693 2907 In
730 2844 805 2938 ipsa
841 2844 989 2927 ecclesia,
1027 2846 1081 2910 ubi
1118 2850 1261 2912 maxime
1286 2851 1359 2935 quis

376 2950 524 3014 misereri
556 2949 658 3029 debet,
694 2951 798 3012 teneri
829 2959 936 3013 autem
968 2970 1065 3034 quam
1098 2953 1240 3016 maxime
1268 2954 1359 3019 debet

367 3054 484 3138 forma
516 3055 656 3132 iusticie,
689 3073 729 3115 ne
759 3056 831 3137 quis
863 3074 883 3117 a
915 3057 1082 3141 consorcia
1116 3058 1358 3123 criminacionis

376 3160 557 3222 abstractus
586 3156 677 3222 breui
709 3158 880 3221 lacrimula
903 3169 1000 3244 atque
1021 3161 1066 3223 ad
1087 3171 1215 3242 tempus
1232 3173 1356 3245 parata

311 3287 313 3292 ¹
376 3264 425 3326 uel
455 3266 556 3327 eciam
591 3264 797 3327 uberioribus
808 3265 944 3344 fletibus
966 3267 1233 3343 communionem,
1257 3270 1398 3351 quam²⁵

370 3368 526 3449 plurimis
563 3369 653 3433 debet
687 3368 860 3451 postulare
895 3371 1104 3453 temporibus,
1137 3393 1157 3434 a
1187 3373 1356 3455 facilitate

376 3472 553 3537 sacerdotis
586 3482 787 3556 extorqueat.
821 3475 936 3537 Nonne
958 3495 1031 3538 cum
1056 3476 1115 3539 uni
1136 3477 1285 3563 indulget
1307 3480 1357 3541 in·

376 3577 482 3661 digno,
497 3578 542 3639 ad
550 3579 780 3660 prolapcioru‘s
789 3581 976 3662 contagium
987 3592 1146 3663 prouocat
1161 3583 1358 3647 universos?

378 3679 538 3744 Facilitas·
553 3683 637 3743 enim
663 3682 754 3745 uenie
778 3683 973 3746 incentivum
997 3685 1107 3748 tribuit
1137 3686 1355 3772 delinquendi.

417 3933 431 3965 ι.
446 3921 471 3965 ln
490 3920 573 3965 cotdn
588 3920 628 3965 Est
642 3920 728 3966 iniusta
742 3919 908 3979 misericordis,
923 3929 993 3968 estet
1008 3923 1076 3968 iuste.
1100 3922 1212 3980 lienique.
1234 3922 1331 3971 correxi
1344 3941 1358 3972 e

377 3990 454 4034 decret
472 4002 632 4046 supraemos.
687 3990 734 4044 ω.
742 3991 768 4035 ln
778 3991 854 4036 decta
865 3993 990 4037 miseretus
999 4001 1046 4046 est;
1057 3991 1131 4049 regist
1139 3991 1240 4038 lncodd.
1294 3995 1316 4039 6.
1324 3995 1356 4040 ib.

376 4060 409 4103 lts
428 4059 447 4103 si
460 4059 521 4116 quis.
613 4072 634 4115 7.
653 4062 675 4106 Α
694 4062 738 4117 Am
760 4061 857 4106 latronis
879 4061 994 4120 coniugis.
1099 4073 1131 4106 so·
1152 4064 1174 4108 Α
1192 4064 1237 4119 Aa
1258 4065 1358 4110 libertas.

379 4141 404 4172 u.
421 4140 448 4175 u.
463 4130 488 4174 to
502 4129 587 4174 sadda
608 4131 670 4175 lssst
691 4129 799 4175 esicium.
821 4129 918 4178 casseu
938 4143 952 4175 s
972 4131 1034 4177 dect.
1140 4143 1173 4185 ts.
1195 4132 1251 4178 Bis
1269 4145 1357 4190 merga

376 4196 448 4243 ludex
462 4199 518 4244 nulli
535 4199 636 4244 sulcrrct
650 4200 849 4256 complementum
867 4200 958 4246 iusticie
976 4208 1054 4245 motus
1067 4199 1146 4246 lerose
1165 4208 1205 4245 sut
1221 4201 1305 4258 pictate
1318 4208 1358 4247 snt

377 4266 455 4313 lavore
464 4269 525 4324 (sic).
617 4281 649 4326 ¹9·
665 4270 760 4327 probust
771 4270 793 4315 ln
804 4270 875 4316 codd.
885 4281 947 4315 cors.
957 4283 970 4315 e
980 4270 1042 4316 dces.
1134 4269 1170 4315 26.
1181 4268 1226 4319 ton
1242 4269 1358 4316 incultus.

376 4347 437 4383 coss.
451 4351 463 4382 c
477 4337 540 4384 decr.
646 4338 681 4384 28.
698 4339 728 4384 lis
744 4339 893 4396 psolscloals.

423 4529 443 4566 ι.
461 4512 497 4567 lb.
514 4530 537 4567 c.
554 4515 669 4590 xxxlll.
