3262 5226
346 457 466 552 caera]
685 539 691 549 ,
730 478 777 531 oa
795 476 975 530 accessu.

233 658 265 714 ι
279 653 337 725 ¹4²⁴
346 638 491 704 cundum
513 657 610 722 quarn
634 650 682 701 est
696 634 870 700 formaliter
884 654 1013 717 magna,
1029 646 1106 696 tunc
1122 631 1190 716 ipsa
1206 646 1338 697 estsere

310 734 313 740 ’
346 740 508 824 continua,
530 761 697 828 ymonon
720 740 829 804 solum
850 738 993 825 quelibet
1013 756 1086 822 pars
1100 735 1197 801 huius
1211 737 1338 802 ecclesie

347 845 553 914 continuatur
566 867 642 911 cum
656 845 763 931 aliqua
778 844 838 908 alia
855 842 924 908 eius
939 856 1040 929 parte,
1051 842 1107 906 sed
1116 863 1230 907 omues
1244 841 1339 906 simul

347 951 538 1037 copulantur
560 953 601 1016 ad
623 951 763 1015 eundem
785 948 963 1014 terminum
985 967 1206 1013 communem.

323 1076 337 1129 5
390 1058 453 1122 Pro
474 1076 542 1142 quo
564 1056 754 1119 declarando
784 1074 937 1140 suppono
968 1051 1071 1139 quod,
1093 1051 1175 1116 sicut
1212 1050 1340 1116 ecclesia

347 1176 395 1227 est
431 1180 536 1225 unum
572 1159 781 1245 aggregative,
819 1158 864 1223 sic
895 1158 1082 1222 membrum
1117 1157 1185 1222 eius
1207 1170 1239 1221 et
1260 1155 1339 1220 acci·

347 1264 459 1331 denaia
480 1285 539 1330 sua
562 1278 638 1329 sunt
660 1284 763 1329 unum
786 1263 998 1348 aggregative.
1029 1261 1129 1327 Aliter
1157 1261 1245 1326 enirn
1274 1280 1340 1324 non

348 1371 430 1435 loret
441 1369 661 1435 multitudinis
676 1368 884 1434 credencinm
902 1388 962 1432 cor
981 1388 1083 1432 nnnm
1099 1379 1131 1432 et
1144 1367 1257 1430 animo
1272 1386 1337 1430 nna

350 1474 401 1561 (ut
424 1474 578 1560 scriptura
600 1495 688 1538 sacra
716 1472 793 1538 dicit
814 1479 887 1537 Act.
920 1472 980 1539 1v⁰
1005 1469 1073 1557 32).
1097 1473 1144 1537 Ex
1166 1491 1234 1558 quo
1256 1487 1341 1558 patet

307 1581 437 1667 roquod
460 1600 574 1645 omnes
597 1593 702 1665 partes
725 1577 855 1643 ecclesie
879 1577 1046 1642 collective
1061 1575 1218 1642 intellecte
1240 1596 1340 1661 copu-

348 1686 453 1750 lantur
474 1686 515 1749 ad
537 1686 677 1748 eundem
699 1682 873 1749 terminum
898 1702 1109 1747 communem
1131 1702 1169 1747 ex
1191 1682 1341 1747 omnibus

348 1789 576 1853 communibus
598 1787 741 1854 terminis
769 1787 898 1852 ecclesie
921 1800 1138 1873 aggregatum.
1170 1787 1255 1852 Nam
1284 1786 1342 1852 iste

348 1893 532 1958 communis
554 1892 711 1958 terminus
734 1894 865 1979 copulat
883 1892 1064 1979 quamlibet
1091 1905 1215 1977 partem
1240 1913 1340 1980 quan·

348 1998 503 2063 titativam
525 1997 654 2063 ecclesie
677 2018 753 2063 cum
775 1997 846 2074 alia,
875 1996 929 2062 hic
951 1996 1129 2061 secundum
1153 2017 1253 2061 unam
1275 1997 1342 2062 eius

307 2123 337 2183 15
347 2118 472 2188 partem
493 2118 524 2167 et
546 2102 597 2167 hic
612 2105 791 2168 secundum
807 2101 914 2167 aliam.
930 2103 1017 2167 Ymo
1033 2098 1085 2190 (ut
1099 2101 1202 2187 logice
1217 2103 1341 2189 loquar)

346 2209 428 2272 sicut
449 2223 588 2293 punctus
603 2208 772 2294 replicatus
787 2223 834 2273 est
849 2222 918 2273 tota
933 2206 1113 2272 substancia
1135 2207 1218 2272 linee
1231 2227 1339 2293 supcr-

347 2313 427 2377 ficiei
451 2328 482 2377 et
505 2313 647 2398 corporis
671 2312 868 2399 quantitatis,
892 2312 939 2376 sic
962 2312 1144 2377 substancia
1173 2312 1341 2378 materialis

348 2433 514 2503 aggregata
530 2433 577 2483 est
601 2418 786 2482 universum
807 2438 1003 2502 corporeum
1018 2432 1051 2483 et
1066 2418 1133 2483 eius
1147 2434 1252 2504 partes
1267 2433 1341 2485 sunt

348 2523 631 2609 proporcionaliter
640 2539 746 2609 partes
762 2522 887 2588 mundi.
897 2523 1000 2588 Aliter
1017 2523 1104 2588 enim
1114 2525 1207 2590 Dens
1219 2535 1341 2590 nonest

306 2664 338 2703 20
348 2631 475 2693 locutus
480 2650 545 2713 per
554 2649 591 2694 os
598 2639 789 2693 sanctorum
803 2641 916 2692 conua
933 2627 1122 2714 scripturam
1135 2630 1222 2694 Luce
1234 2629 1274 2712 1⁰,
1288 2649 1341 2716 70,

348 2754 406 2798 nec
422 2735 552 2798 ecclesia
563 2734 645 2800 loret
660 2735 825 2799 unanimis
840 2753 907 2798 nno
921 2754 979 2798 ore
992 2734 1213 2820 honorificans
1235 2735 1340 2799 Deum

349 2841 443 2904 Rom.
466 2840 551 2906 ΧΨ.
578 2842 644 2904 Nec
676 2839 829 2904 distancia
860 2839 972 2905 localis
1004 2860 1063 2904 nec
1089 2837 1340 2905 discontinuacio
1358 2857 1431 2904 toea
1444 2857 1561 2908 arnae·

283 2963 340 3029 ¹43⁸
350 2945 571 3010 mathematice
583 2943 902 3031 quantitatis*obest,
911 2944 988 3031 quia
1004 2944 1148 3009 similitas
1163 2946 1339 3010 secundum
1351 2911 1412 3010 iiii
1423 2913 1570 3011 iriiuiiiff'

348 3049 530 3115 interiorem
544 3051 712 3116 hominem
727 3063 758 3114 et
767 3048 974 3114 adnascencia
983 3050 1203 3114 membrorum
1212 3049 1340 3115 ecclesie
1415 3016 1502 3064 '⁰¹⁰⁸'

307 3158 525 3226 25secundum
548 3156 709 3219 caritatem
732 3155 852 3219 excedit
875 3154 1034 3220 unitatem
1055 3154 1244 3220 sensibilem.

313 3277 342 3331 rt
393 3260 542 3343 Ulterius,
565 3280 640 3323 cum
662 3260 767 3324 maior
788 3260 828 3324 sit
851 3259 957 3325 unitas
980 3259 1084 3345 gracie
1099 3281 1199 3346 quam
1222 3273 1341 3342 nature,
1375 3273 1535 3337 notonryr·

349 3365 584 3429 ostendendum
605 3365 730 3429 videtur
757 3366 846 3451 quod
874 3386 942 3430 non
969 3365 1077 3430 solum
1104 3365 1245 3451 quelibet
1270 3328 1429 3449 pamniiii
1438 3330 1569 3440 isii'i'ia

350 3469 478 3534 ecclesie
502 3470 707 3534 continuatur
721 3491 795 3537 curn
812 3470 883 3553 alia,
908 3491 967 3534 nec
991 3470 1100 3534 solum
1114 3472 1204 3556 quod
1227 3432 1565 3535 omnes‘'iilc⁹i‘iii‘'

348 3587 452 3658 partes
485 3575 614 3640 ecclesie
648 3575 877 3640 continuantur
907 3577 949 3641 ad
983 3575 1130 3658 invicem,
1164 3576 1221 3640 sed
1252 3577 1340 3662 quod
1375 3549 1446 3598 Μ’
1459 3538 1544 3601 Q

306 3693 339 3746 30
348 3678 489 3763 quelibet
511 3680 577 3744 eius
609 3700 682 3765 pars
714 3679 922 3744 continuatur
952 3700 1030 3744 cum
1061 3679 1212 3765 qualibet.
1257 3681 1341 3746 Nam
1408 3682 1410 3687 ’

348 3783 455 3847 omnis
486 3805 559 3869 pars
590 3784 719 3849 ecclesie
752 3783 924 3870 copulatur
954 3783 1086 3849 cuilibet
1114 3806 1172 3870 per
1203 3786 1341 3851 eundem

348 3888 521 3954 terminum
544 3910 767 3967 communem,
791 3910 868 3974 ergo
891 3890 1000 3954 omnis
1022 3909 1097 3975 pars
1111 3889 1241 3955 ecclesie
1263 3877 1351 3955 con-⁵

347 3992 489 4059 tinuatur
503 3995 640 4060 cuilibet.
653 3996 716 4060 Pro
731 4009 899 4080 assumpto
915 4015 1069 4080 suppono
1083 3995 1172 4080 quod
1185 3996 1341 4061 mediator

347 4096 405 4161 Dei
443 4113 475 4164 et
496 4100 668 4165 hominum
707 4099 854 4165 Christus
890 4099 982 4163 Jesus
1020 4100 1135 4185 plenus
1170 4101 1273 4187 gracie
1309 4115 1341 4166 et
1349 4094 1415 4142 ‘¹⁰⁶‘
1425 4096 1571 4159 ΜΜΡ*

305 4213 337 4267 35
347 4202 485 4268 veritatis
523 4204 615 4270 faciat
653 4204 829 4291 quamlibet
858 4218 986 4290 partem
1024 4203 1153 4269 ecclesie
1189 4206 1340 4291 prodesse
1434 4149 1476 4210 'n'

387 4382 410 4426 9.
424 4371 456 4417 Bi
470 4381 493 4420 et
506 4376 630 4432 scripturn
644 4376 680 4420 As
694 4376 749 4421 Act.
762 4373 798 4419 10.
920 4375 995 4423 aaln
1010 4374 1086 4421 codd.
1099 4373 1151 4420 sen
1165 4374 1224 4431 XV:
1238 4374 1338 4422 comni.

348 4440 539 4502 :batanaeae
549 4443 687 4491 Conclusio.
696 4444 758 4491 Nota
772 4443 878 4504 quelibet
886 4457 942 4502 pars
956 4445 1058 4492 ecclesle
1073 4444 1227 4516 condonatur·
1236 4443 1337 4491 collibet.
