3262 5226
210 333 280 381 cut·
293 316 358 410 xa]
575 338 621 390 na
640 335 816 390 accursu.

94 512 121 565 B
139 508 197 580 ¹7⁵⁸
207 509 253 559 est
273 494 416 579 superius
430 493 497 560 Xll.
513 510 598 579 cap.;
620 509 651 558 et
673 493 704 557 in
720 492 886 578 proposito
900 490 1000 557 inficit
1022 512 1054 556 se
1068 489 1184 576 ipsam.

208 600 395 682 Quomodo,
419 597 560 682 inquam,
590 618 688 682 regno
711 611 824 661 nostro
845 596 962 661 inesset
983 595 1184 681 prosperitas,

206 705 335 787 quando
357 724 376 766 a
398 722 470 785 rege
493 717 524 766 et
550 702 734 786 capitalibus
761 701 828 765 eius
850 714 917 764 tam
939 698 1064 787 prelatis
1086 720 1185 785 quam
1235 720 1248 755 ·.

206 806 344 870 dominis
367 805 585 870 defenderetur
607 820 692 869 tanta
714 804 874 890 iniquitas.
898 805 1006 870 Error
1024 805 1108 869 enim
1131 805 1185 868 etti

183 928 271 980 §nott
303 911 465 974 resistitur
495 909 714 993 approbatum·
753 911 808 973 sed
846 909 942 973 altera
972 908 1101 972 istarum
1138 921 1185 972 est

207 1016 325 1078 nedum
354 1034 439 1078 error
469 1014 523 1078 sed
549 1013 665 1077 heresis
694 1034 754 1096 pro
785 1034 849 1099 qua
875 1013 1009 1096 dignum
1039 1025 1118 1077 esset
1150 1008 1191 1076 ut'

207 1140 261 1183 rex
284 1134 314 1184 et
336 1133 442 1183 totum
464 1139 559 1182 suurn
582 1117 799 1180 sacerdocium
814 1119 1000 1181 destruatur.
1024 1117 1098 1181 ldeo
1121 1137 1184 1179 non
1198 1129 1264 1175 Saea
1278 1145 1292 1176 ι
1306 1134 1406 1180 sertam

1200 1184 1311 1240 question
1327 1199 1344 1230 o
1379 1190 1407 1234 bt

1206 1244 1232 1280 ιο
1246 1235 1276 1281 be
1290 1239 1363 1283 settle

207 1223 342 1287 dubium
365 1244 417 1285 rex
440 1238 471 1286 et
493 1221 619 1292 domini
637 1222 791 1286 seculares
814 1223 869 1284 sed
884 1220 1057 1306 specialiter
1075 1220 1185 1305 prelati

209 1326 294 1410 regni
319 1326 454 1390 lacerent
476 1325 508 1389 in
532 1326 593 1390 isto
616 1325 782 1410 diligenter
804 1324 959 1410 inquirere
974 1323 1135 1389 veritatem
1154 1338 1186 1390 et

168 1430 379 1500 aoexcitarent
415 1429 679 1514 defenderentque
714 1429 881 1514 theologos
912 1429 974 1493 hoc
1010 1442 1186 1511 tractantes,

209 1533 343 1598 cumeis
364 1534 517 1598 incumbit
532 1554 651 1598 errores
667 1534 743 1598 tales
767 1533 918 1598 discutere
933 1548 964 1598 et
986 1535 1025 1598 de
1046 1533 1186 1619 periculo

207 1659 314 1720 regem
338 1653 370 1703 et
393 1638 480 1722 regni
502 1638 622 1701 incolas
644 1637 834 1722 premunire.
858 1638 900 1701 Et
920 1658 1025 1701 revera
1043 1658 1080 1701 ex
1103 1652 1186 1702 utre·

209 1763 272 1827 que
294 1757 382 1828 parte
410 1742 670 1807 contradiccionis
694 1741 835 1828 sequitur
860 1742 976 1826 grande
1002 1741 1188 1826 periculum,

209 1868 248 1910 eo
276 1849 375 1932 quod,
407 1847 472 1911 sive
494 1848 534 1912 sit
556 1847 729 1911 hereticum
752 1847 817 1912 sive
849 1847 976 1911 nonsit
1005 1846 1187 1928 hereticum,

170 1951 375 2035 assupposito
400 1949 481 2015 lacto
505 1972 618 2034 magna
633 1972 704 2034 pars
727 1950 815 2034 regni
838 1951 937 2016 nostri
957 1974 994 2016 ex
1009 1950 1188 2033 adbesione,

209 2075 246 2117 ex
269 2054 451 2119 defensione
473 2057 522 2118 vel
542 2055 713 2119 omissione
729 2055 865 2120 inficitur
879 2056 1013 2121 heretica
1027 2057 1186 2141 pravitate.

253 2161 385 2223 lntendo
394 2181 468 2245 ergo
479 2161 540 2225 isto
556 2162 654 2224 modo
670 2162 852 2245 procedere:
868 2161 972 2245 primo
988 2182 1109 2224 narrare
1125 2160 1186 2225 iac·
1206 2170 1304 2228 tttstory
1319 2180 1349 2222 ot
1359 2180 1400 2226 ta·

1257 2229 1360 2275 uestioe.

209 2279 278 2327 turn
294 2284 404 2347 regum
416 2265 528 2350 Anglie
543 2265 575 2327 in
590 2266 649 2328 hac
663 2279 762 2349 parte,
777 2266 916 2329 secundo
926 2266 1186 2350 recitareopinio·
1263 2278 1338 2328 tetram
1351 2284 1371 2329 t.

209 2389 264 2430 nes
280 2369 447 2432 doctorum
469 2370 501 2432 in
522 2369 661 2451 materia,
681 2385 712 2434 et
733 2371 829 2435 tercio
844 2370 966 2434 obicere
985 2386 1095 2435 contra
1110 2372 1186 2438 illas.
1210 2336 1399 2445 piterii'ii'dtiia·

149 2488 200 2541 οι
253 2474 419 2549 Quantum
441 2474 480 2536 ad
503 2475 654 2557 primum,
684 2489 772 2559 patet
800 2475 914 2558 legenti
938 2475 1078 2540 cronicas
1100 2477 1186 2561 regni
1203 2443 1404 2540 ''deiici'd‘eiff'

208 2578 307 2641 nostri
327 2580 495 2662 quomodo
511 2580 693 2643 Willelmus
716 2567 908 2666 conquestor
929 2581 1045 2644 multas
1067 2579 1186 2646 elemo-

207 2681 291 2744 sinas
310 2702 423 2765 regum
437 2683 600 2747 Saxonum
615 2685 654 2747 de
678 2685 820 2766 abbatiis,
845 2686 883 2748 de
904 2684 1135 2770 episcopatibus
1156 2699 1188 2750 et

207 2785 276 2850 aliis
300 2786 520 2852 dotacionibus
536 2789 595 2851 sub
611 2788 741 2853 nomine
768 2802 918 2871 perpetue
936 2787 1107 2854 elemosine
1129 2811 1187 2876 pro

207 2904 361 2974 perpetuo
377 2892 516 2974 variavit,
532 2912 617 2957 nunc
633 2891 857 2970 subtrahendo,
873 2912 958 2958 nunc
974 2893 1187 2961 transterendo

166 3010 197 3062 25
209 3009 239 3058 et
255 3016 339 3059 nunc
354 2996 426 3060 loco
442 2998 512 3060 cleri
528 2994 640 3080 prioris
650 3009 813 3057 extraneos
823 2994 1014 3063 inducendo.
1025 2999 1092 3063 Nec
1106 2999 1188 3064 valet

207 3098 323 3184 lingere
338 3099 485 3183 sompnia
505 3099 592 3185 quod
614 3098 697 3161 vela
711 3119 794 3182 papa
810 3099 919 3165 habuit
933 3101 1098 3167 licenciam
1114 3104 1187 3187 plus

206 3206 246 3267 ad
262 3204 321 3269 ista
342 3225 441 3288 quam
462 3203 502 3265 ad
525 3217 738 3286 conquestum
758 3206 843 3289 regni
865 3207 903 3270 de
918 3206 984 3271 iure
999 3206 1057 3271 sibi
1079 3206 1186 3274 debiti.

207 3308 249 3372 Et
270 3308 313 3372 sic
337 3309 377 3371 de
398 3305 548 3390 sompnio
571 3326 637 3390 quo
661 3304 789 3393 fingitur
812 3310 917 3394 ipsum
940 3325 1013 3395 post
1026 3309 1187 3394 restituere

207 3433 320 3477 omnes
343 3409 508 3474 ablatarios
531 3408 670 3493 clericos,
702 3413 783 3479 sicut
814 3435 870 3478 nec
902 3414 1036 3481 restituit
1056 3417 1187 3482 heredes

166 3531 199 3584 30
208 3516 371 3580 Saxonum
392 3513 590 3597 rebellantes;
614 3529 645 3579 et
667 3508 773 3582 revera
795 3518 961 3584 hereticare
981 3522 1086 3606 ipsum
1108 3520 1186 3586 fina-

207 3619 287 3699 liter,
310 3637 384 3680 cum
407 3629 511 3681 totum
543 3617 592 3683 ius
623 3621 711 3704 regni
744 3622 804 3687 luit
833 3625 872 3687 ab
903 3623 974 3709 ipso
1005 3627 1045 3690 ad
1075 3647 1187 3691 omnes

208 3741 294 3806 reges
317 3720 438 3784 medios
453 3725 650 3789 successione
666 3725 848 3792 hereditaria
866 3749 965 3815 usque
988 3730 1082 3795 hodie
1105 3730 1186 3794 deri·

207 3839 326 3904 vatum,
343 3823 422 3889 loret
437 3825 531 3891 minis
547 3829 692 3895 infectiva
707 3833 919 3917 presumpcio.
943 3834 1088 3899 lnlectiva
1104 3835 1186 3918 dico,
1200 3866 1250 3922 gu„
1268 3867 1360 3914 reato·
1375 3870 1408 3917 „f

206 3928 282 4014 quia
304 3927 486 3995 hereticaret
508 3954 594 4019 reges
611 3935 730 3999 clerum
749 3951 780 4001 et
802 3938 960 4021 populum
975 3939 1099 4004 interim
1114 3960 1185 4005 suc·
1204 3919 1242 3963 '¹¹‘
1278 3921 1394 3977 captare.

246 4141 274 4176 n.
288 4131 379 4177 eodan
394 4133 417 4179 ln
432 4146 532 4181 errores.
617 4149 647 4194 ¹7·
670 4141 692 4186 Α
705 4140 729 4185 lo
745 4152 831 4197 merga
846 4138 907 4186 Nota
920 4141 972 4186 trlr.
1076 4153 1112 4187 ro.
1125 4142 1149 4188 Α
1160 4139 1185 4188 le

204 4212 295 4257 maran
317 4201 380 4249 Nota
400 4205 520 4261 quomodo
534 4207 660 4264 praetisatr
673 4215 708 4254 est
722 4210 815 4255 ablacto
828 4210 1002 4268 temporalium.
1106 4210 1140 4257 32.
1153 4209 1184 4255 ur

204 4269 347 4317 eaeceulre.
452 4272 488 4330 34.
502 4273 533 4319 lta
547 4275 664 4323 laternam
678 4277 837 4325 suecedeateu
