3262 5226
684 446 1016 502 tonnuutswrcun.
1219 423 1347 515 [enen

375 631 435 674 nos
467 606 635 695 pontifices
658 605 770 670 debere
800 625 901 690 usque
933 604 972 668 nd
1006 584 1462 685 animumetsangui·161·n

376 736 451 780 nem
488 710 674 778 confirmare
710 707 760 796 (ut
791 709 930 794 capitulo
962 707 1107 792 proximo
1139 705 1348 792 precedente).

168 831 187 876 ¹¹
206 830 228 876 ἰ·
243 836 354 893 comnry
376 818 554 899 Quomodo
587 836 663 899 ergo
684 826 768 879 stunt
798 813 909 879 simul:
946 811 1024 877 nulli
1055 811 1146 876 liceat
1177 810 1351 895 quidquem

178 884 345 988 'eicco'iiiilti
377 925 489 989 debere
519 920 606 984 alteri
629 934 713 984 extra
740 918 932 982 caritativum
953 915 1169 998 dileccionem,
1193 928 1350 979 ettamen

157 994 526 1114 mirs¹¹iiiie⁹⁸¹fugitivus
559 1024 738 1089 licenciutur
767 1021 800 1086 in
833 1021 919 1086 dicto
948 1022 1020 1085 loco
1050 1035 1203 1104 perpetuo
1240 1019 1375 1088 deberes

375 1146 441 1195 tam
463 1129 606 1194 debitum
622 1126 782 1211 corporale
797 1147 894 1212 quam
917 1124 1079 1209 spirituale
1094 1123 1161 1187 sine
1177 1125 1238 1188 hoc
1260 1125 1348 1209 quod

373 1233 526 1320 rependet
561 1229 820 1295 satisfaccionem.
862 1230 982 1293 Revera
1013 1227 1046 1291 in
1077 1227 1171 1292 istum
1206 1227 1349 1312 blasphe-

373 1337 472 1402 mium
489 1350 672 1421 usurpatum
693 1336 779 1398 Deus
802 1354 867 1398 non
887 1346 1001 1418 potest,
1024 1352 1099 1397 cum
1121 1352 1187 1397 non
1209 1332 1349 1397 licenciut

373 1441 540 1506 hominem
575 1440 616 1503 nd
650 1437 769 1523 aliquid
805 1458 863 1523 pro
900 1458 966 1522 quo
1000 1437 1164 1521 dnmpnnt.
1208 1438 1351 1503 Secunda

374 1560 482 1610 autem
512 1564 585 1629 pars
618 1542 828 1607 conclusionis
859 1555 947 1626 petet
967 1563 1004 1604 ex
1026 1540 1088 1606 hoc
1111 1543 1199 1625 quod
1225 1556 1393 1626 oportetto

374 1650 506 1736 aliquod
533 1646 732 1734 privilegium
754 1667 791 1710 ex
821 1645 1023 1711 concessione
1047 1646 1127 1730 regis
1150 1645 1214 1709 duri
1238 1645 1351 1709 talibus

375 1753 513 1838 fugitivis
545 1773 582 1816 ex
613 1750 816 1816 conclusione
846 1750 1000 1835 proximu.
1043 1751 1084 1814 Et
1114 1750 1172 1814 ista
1195 1749 1352 1814 sentencia

376 1857 553 1922 notabiliter
560 1857 690 1920 docetur
701 1857 813 1937 xxm,
828 1878 858 1941 q.
870 1857 891 1919 l.
908 1855 984 1919 Ideo
994 1857 1201 1938 permittente
1211 1854 1351 1931 domino,

375 1963 430 2028 ubi
453 1962 569 2026 dicitur
582 1962 671 2046 quod
685 1960 940 2046 quandocunque
955 1961 1100 2024 Romanu
1122 1959 1252 2024 ecclesis
1274 1979 1350 2023 con·

374 2067 456 2133 cedit
477 2065 687 2152 privilegium,
710 2064 857 2149 exprimit
872 2066 921 2128 vel
943 2064 1161 2147 subintelligit,
1184 2062 1243 2127 nisi
1264 2063 1394 2132 alitersi

374 2170 544 2235 decreverit
569 2169 791 2234 ordinandum.
835 2169 936 2246 Unde,
973 2168 1086 2253 inquit,
1119 2170 1150 2231 in
1188 2169 1352 2232 nonnuliis

374 2274 528 2358 capitulis
537 2275 761 2350 conciliorum,
774 2294 847 2337 cum
863 2273 987 2357 aliquid
997 2272 1234 2338 obseruandum
1245 2272 1353 2337 decer·

375 2378 610 2457 nitur*,statim
620 2377 836 2461 subinfertur,
845 2378 906 2441 nisi
917 2377 1091 2442 auctoritas
1100 2378 1245 2442 Rontane
1254 2379 1350 2442 eccie-
1365 2386 1425 2443 161⁸

374 2483 421 2548 sie
456 2483 555 2546 anm
583 2482 668 2566 fieri
701 2483 919 2564 imperauerit
951 2482 1001 2546 vel
1036 2483 1129 2546 salvo
1163 2501 1289 2565 semper
1319 2484 1351 2545 in

374 2572 525 2651 onmibus
546 2596 620 2651 ture
639 2587 782 2650 Romane
805 2587 937 2651 ecclesie
961 2587 1011 2651 vei
1030 2588 1122 2650 salva
1146 2588 1180 2650 in
1204 2587 1396 2650 omnibuseo

375 2692 552 2775 apostolica
583 2691 785 2755 auctoritate.
818 2691 899 2754 Cum
923 2710 1002 2775 ergo
1024 2693 1091 2755 alia
1110 2689 1289 2777 privilegia
1311 2694 1353 2757 ab

374 2796 552 2878 apostolico
573 2794 737 2877 aliquibus
759 2794 991 2874 conceduntur,
1015 2797 1097 2860 etsi
1118 2807 1234 2860 contra
1256 2817 1352 2880 gene·

375 2900 478 2963 ralem
512 2900 616 2984 legem
649 2898 777 2982 aliquid
797 2918 917 2963 sonare
937 2900 1121 2980 videantur,
1154 2920 1220 2965 non
1247 2911 1352 2965 tamen

373 3013 488 3068 contra
521 3005 627 3086 ipsam
651 3001 777 3085 aliquid
806 3003 982 3067 concedere
1005 3004 1245 3089 intelliguntur.
1281 3007 1354 3070 Pri·

374 3106 631 3192 vilegia,inquit‚
642 3106 894 3190 dicunturqnasi
897 3109 1032 3190 priuata
1043 3110 1186 3194 iegia3et
1195 3110 1354 3175 concludit
1364 3118 1395 3170 25

376 3210 522 3275 finaliter:
546 3209 636 3274 Valet
656 3230 736 3295 ergo
750 3211 897 3275 Romana
918 3214 1053 3277 ecclesia
1069 3225 1164 3278 extra
1183 3215 1352 3299 generalia

374 3316 505 3379 decreta
538 3316 674 3398 quedam
707 3316 843 3396 speciali
864 3316 1015 3400 beneficio
1038 3317 1221 3402 indulgere,
1250 3320 1352 3383 consi-

375 3421 489 3484 derata
510 3431 620 3483 tamen
648 3420 791 3482 racionis
816 3421 966 3504 equitate,
990 3432 1024 3485 ut
1048 3432 1152 3487 irrater
1174 3424 1298 3487 iusticie
1319 3422 1360 3487 in'

376 3524 467 3587 nulio
504 3523 545 3586 ab
579 3543 618 3586 ea
641 3523 809 3588 dissentire
839 3526 1034 3605 inveniatur,
1065 3538 1099 3591 ut
1120 3526 1264 3592 videlicet
1281 3529 1351 3610 pri·

375 3629 495 3712 vilegia
526 3647 590 3710 que
611 3626 650 3689 ab
665 3627 836 3711 religionis
859 3629 911 3692 vei
932 3633 1129 3695 necessitatis
1151 3632 1203 3695 vei
1223 3633 1354 3697 exhibiti
1363 3639 1396 3690 30

376 3734 519 3817 obsequii
532 3733 680 3816 graciam
697 3732 930 3816 conceduntur,
948 3737 1103 3799 neminem
1121 3737 1294 3801 relevando
1309 3739 1352 3801 ita

376 3837 505 3900 diuitem
513 3835 657 3919 saciant,
681 3847 715 3898 ut
731 3835 907 3900 muitarum
925 3837 1118 3903 detrimenta
1135 3860 1197 3903 nnn
1213 3844 1352 3906 circum·

375 3939 539 4023 spiciendo
561 3942 595 4003 in
614 3943 821 4023 paupertatis
836 3943 997 4006 miseriam
1014 3945 1191 4010 nonnullos
1205 3945 1352 4010 deiciant.

414 4121 438 4163 4.
452 4110 475 4154 Α
487 4109 533 4165 Am
554 4115 618 4153 extre
632 4108 759 4154 estitetetn.
863 4109 885 4154 8.
902 4111 963 4158 Deus
978 4125 1025 4160 noa
1044 4121 1135 4174 potcstt
1156 4115 1252 4161 verbu·
1271 4115 1353 4161 deesse

375 4177 476 4224 tidctur.
564 4188 595 4232 ¹⁹·
612 4175 642 4220 Bt
656 4178 691 4223 sel
706 4177 970 4227 celse-conceduntur
982 4183 1056 4231 deest.
1149 4181 1186 4230 30.
1199 4185 1236 4232 At
1250 4197 1295 4244 que
1309 4185 1353 4232 rel.

376 4245 409 4292 ³3.
424 4246 449 4292 ln
463 4246 548 4291 ceddi
563 4245 684 4303 pauperia
697 4246 789 4292 correxi
804 4259 816 4293 e
831 4248 917 4294 decret.
932 4261 984 4309 sup.
998 4265 1070 4305 mens.

423 4352 462 4405 13.
479 4352 534 4405 ibid
552 4367 575 4404 c.
592 4351 660 4404 xvi
732 4356 737 4364 '
