3262 5226
98 364 180 431 ³2⁶
366 338 400 369 ’“
666 372 841 431 rounnnrs
856 372 1009 429 wrcerr.
1165 350 1249 445 [ω.
1261 366 1327 416 nv.

106 552 166 599 aar
180 556 319 609 comen
332 530 510 621 specinliter
537 552 622 618 pepe
651 544 760 618 potest
783 528 950 617 iniungere
978 530 1162 615 cuicunque
1190 527 1327 614 principi
1340 548 1440 617 „pv

124 601 305 715 ‘bistili'
327 638 449 731 'virtute
485 634 652 725 pmeetetie
692 633 834 701 clerium
873 635 963 722 quod
1005 632 1226 700 renuntiando
1267 633 1327 697 toti
1409 662 1460 724 sq

160 706 283 763 Μὴ
331 740 549 809 dominacioni
567 762 625 808 ene
638 740 695 807 det
707 738 839 807 ecclesie
859 738 895 805 in
909 733 1100 826 perpetuum
1114 736 1328 804 elemosinrm

332 860 447 913 cuncte
482 865 546 934 qne
581 843 733 933 pomidet.
769 842 916 911 warne
945 862 1023 930 ergo
1060 841 1178 909 Christi
1216 855 1325 929 potest

332 950 449 1017 virtute
474 948 617 1043 ¹clerium
653 948 771 1015 bebere
799 960 966 1041 quotquot
1004 948 1091 1013 bone
1120 947 1258 1012 volucrit
1290 963 1354 1017 exs

333 1052 499 1141 privilegio
520 1072 674 1119 concmso
695 1053 791 1119 Petro
811 1050 947 1119 Mettbei
968 1051 1070 1118 le‘t
1104 1050 1168 1116 Sed
1191 1048 1242 1138 (ut
1263 1048 1329 1114 dixi

333 1154 492 1245 superius)
523 1176 582 1223 nec
603 1170 731 1223 tenetur
750 1156 902 1223 eeculnris
924 1158 1066 1243 pendere
1096 1154 1155 1220 sibi
1189 1168 1329 1240 peccate,

332 1275 621 1350 quantumcunque
646 1260 847 1329 restrinmrit·
865 1274 1058 1347 potestetem
1081 1259 1233 1343 clarium,
1270 1279 1329 1325 nee

334 1364 433 1433 ntem
462 1386 581 1453 penem
609 1380 774 1452 ecceptere
805 1364 872 1431 eive
903 1364 1076 1431 consilinm
1106 1386 1168 1451 pro
1200 1364 1330 1429 saturni

333 1468 514 1558 penitencie
546 1468 608 1535 nisi
628 1467 726 1556 gratis
747 1466 897 1553 voluerit,
929 1482 961 1535 et
991 1468 1018 1533 si
1049 1468 1188 1535 vicarius
1210 1468 1328 1535 Christi
1342 1500 1374 1540 ιο

333 1574 512 1641 inordinate
533 1587 653 1661 urgent
674 1588 803 1641 tenerur
823 1569 1023 1645 resistas*

139 1690 176 1739 ne
189 1691 229 1737 ne
242 1690 306 1738 ente
377 1681 444 1744 Nec
459 1692 588 1745 mouent
601 1680 690 1768 quod
702 1678 875 1765 Gregorius
883 1678 938 1747 xl.
955 1677 1093 1745 fueritin
1107 1698 1224 1765 genere
1238 1697 1354 1749 recu-t

112 1742 409 1896 ffi'ffliffhri·
422 1781 559 1849 nmini
572 1781 715 1869 capnon
729 1782 882 1848 domnus
891 1782 979 1869 regni
989 1782 1101 1866 narr,
1117 1782 1227 1848 exhoc
1242 1784 1332 1869 quor
1426 1838 1430 1847 .

193 1858 279 1908 ’Μ
319 1878 443 1975 'potuit
463 1886 651 1953 cetbolicme
664 1906 780 1953 omnen
801 1900 901 1952 mrtns
916 1885 1141 1973 religiosorum
1155 1887 1330 1972 possessio·

335 2004 486 2057 natorum
501 1991 535 2057 in
548 1990 675 2077 Anglin,
689 2012 756 2078 quo
765 1992 851 2057 incto
862 1990 996 2058 luissent
1005 1991 1145 2077 exempti
1159 1991 1331 2057 eiurisdic·
1343 2008 1374 2062 ri

337 2096 429 2162 cione
441 2095 548 2183 reguli.
563 2096 654 2178 ltern,
668 2096 775 2182 potuit
788 2110 939 2162 orrestnre
952 2117 1010 2182 per
1020 2096 1125 2162 bullus
1135 2117 1208 2161 suns
1217 2114 1361 2183 quem-2
1377 2156 1383 2161 .
1409 2158 1414 2165 ,
1429 2158 1433 2165 ,

337 2221 465 2288 cunque
479 2198 646 2266 bominem
656 2199 778 2287 legium
786 2200 869 2287 regis
877 2199 979 2266 nostri
993 2200 1095 2267 eciem
1103 2199 1186 2265 inlrn
1196 2221 1332 2287 regnum

336 2320 494 2383 nostrum,
516 2326 583 2371 non
605 2302 706 2391 petite
726 2304 859 2371 licencia
884 2328 905 2372 e
926 2326 1010 2392 rege,
1041 2319 1074 2371 et
1104 2305 1204 2371 tercio
1226 2304 1362 2393 (quoda

337 2410 516 2475 marimum
529 2406 592 2497 eet)
613 2408 682 2494 ipse
696 2422 803 2495 potest
817 2409 988 2476 hereticure
1003 2412 1092 2497 quod
1107 2409 1233 2475 domini
1248 2424 1330 2475 tem-

337 2513 463 2599 porelcs
485 2526 621 2598 possunt
646 2512 770 2579 eulerre
792 2514 982 2600 ternporelie
1003 2516 1043 2581 nb
1075 2514 1206 2581 ecclesie
1228 2514 1328 2581 delin-
1342 2549 1375 2586 ,ο

140 2728 302 2830 epm
336 2618 1354 2807 liti?rzilz‘tittlss‘ri'ilizs‘{ztptsstilt1
1370 2742 1401 2797 x

336 2826 400 2893 Sed
421 2825 626 2892 deliramenta
648 2840 725 2893 sunt
746 2826 819 2912 iste,
841 2828 918 2913 quin
940 2827 985 2891 sic
1010 2847 1064 2892 rex
1079 2826 1195 2911 Anglie
1212 2844 1332 2895 teneret

337 2931 376 2996 de
400 2944 535 3016 utroque
550 2930 789 3016 archiepiscopo
805 2931 837 2995 in
853 2931 968 3016 capite,
991 2952 1058 2994 non
1082 2946 1227 3015 econtrn3
1250 2933 1332 2999 sicut

121 3034 424 3110 supremepowerenim
455 3056 539 3121 pnpn
564 3056 598 3099 se
628 3035 724 3101 hnbet
750 3036 791 3099 ud
814 3056 965 3118 cesarem,
997 3036 1042 3100 sic
1074 3035 1332 3122 archiepiscopus
1344 3056 1375 3110 25

129 3099 323 3262 Qffiffl
337 3157 445 3208 noster
465 3162 499 3206 se
521 3141 615 3208 hnbet
636 3142 677 3204 nd
699 3162 808 3225 regem
823 3142 932 3227 quood
958 3141 1039 3205 illud
1060 3162 1162 3226 genus
1184 3140 1331 3207 dominii.

290 3235 299 3261 '
381 3247 471 3327 Item,
502 3259 579 3310 tunc
609 3266 721 3310 omncs
745 3244 855 3309 iratres
878 3265 915 3308 cx
938 3244 970 3307 vi
994 3246 1160 3330 potestatis
1192 3245 1361 3318 cluviume

337 3351 579 3414 dominarentur
593 3349 773 3415 seculariter
788 3348 847 3413 toti
864 3350 1000 3431 mundo,
1023 3350 1114 3435 qnod
1129 3363 1177 3416 est
1192 3347 1407 3434 contrn*174·'

337 3454 570 3540 professionem
592 3474 706 3518 eorum
729 3468 761 3519 et
783 3452 834 3540 (ut
857 3453 918 3539 ipsi
939 3474 1012 3518 vere
1040 3439 1189 3538 credunt)
1222 3469 1333 3519 contra

338 3560 444 3644 legem
468 3557 595 3623 Christi.
626 3558 680 3623 Sic
712 3557 800 3622 enirn
831 3556 967 3643 quilibet
997 3557 1152 3622 dominus
1184 3558 1332 3624 secularis
1344 3577 1378 3630 30

339 3662 541 3727 iniuriaretur
561 3662 737 3748 presbitero
759 3661 933 3726 detinendo
956 3682 1015 3726 sun
1037 3661 1235 3747 temporalis.

162 3777 288 3885 ⁰}ll3l'l‘
381 3767 472 3847 Item,
487 3766 620 3852 quilibet
633 3765 769 3850 simplex
784 3767 932 3831 sacerdos
947 3764 1043 3832 habet
1059 3788 1170 3851 parem
1193 3781 1365 3852 potesta-n

262 3860 270 3884 ’
338 3885 403 3936 torn
427 3870 547 3935 ordinis
572 3890 646 3943 cum
672 3891 767 3955 popu,
788 3884 820 3934 et
841 3872 881 3933 ad
902 3870 990 3934 illum
1005 3884 1200 3956 potestatem
1214 3871 1334 3935 ordinis

336 3974 544 4061 consequitur
553 3973 763 4038 essenciuliter
776 3973 1032 4059 proporcionnlis
1046 3987 1189 4059 potestus
1205 3975 1330 4039 seculu-

377 4170 408 4206 ιι.
423 4159 445 4206 Α
459 4159 483 4206 in
494 4171 581 4217 merus
595 4157 694 4216 Triplex
706 4159 823 4205 obiectus.
930 4158 964 4204 ro.
979 4158 1009 4206 li:
1020 4160 1098 4207 bnliee
1107 4173 1164 4206 enee
1174 4161 1333 4220 quidcunque.

339 4240 372 4274 nr.
386 4230 409 4274 A
423 4230 447 4274 in
458 4240 545 4285 rnnrpn
560 4226 701 4285 Responsio.
807 4239 841 4284 ²7-
856 4229 878 4273 Α
893 4228 1017 4284 innuerint
1037 4228 1125 4276 Contre
1140 4229 1332 4276 dornlnecionenr

338 4299 430 4345 civilem
444 4297 501 4345 cieri
521 4297 610 4355 (below
623 4306 673 4356 ¹74·
688 4297 788 4343 without
806 4297 873 4344 merl
886 4296 915 4344 oi
926 4297 1064 4356 reference).
