3262 5226
685 451 1019 541 rontnms'wrctrr.
1206 462 1353 556 [caavn

373 647 475 710 altaris
508 645 543 708 in
577 644 779 710 tabernaculo
815 641 950 723 domini,
988 662 1056 705 non
1087 642 1235 704 obstante
1265 637 1353 726 quod
1367 653 1426 723 ¹4⁸⁸
1438 656 1466 709 Β

372 750 406 815 in
427 742 562 815 enercitu
584 747 751 834 patrissui
774 747 875 810 David
903 748 977 832 plus
998 745 1066 809 aliis
1088 744 1242 809 militibus
1263 744 1353 807 labo·

374 856 461 921 ravit.
473 852 575 920 Cuius
584 850 750 917 occisionis
765 851 912 916 doctores
920 849 1077 937 triplicem
1087 869 1217 914 causam
1225 847 1354 913 eliciunt

376 958 593 1044 ex'scriptura.
615 956 734 1037 Primo,
756 955 832 1041 quia
864 955 981 1021 occidit
1012 950 1120 1021 llbner¹
1149 968 1181 1019 et
1214 959 1353 1018 Amasan

374 1077 515 1149 ternpore
536 1060 623 1147 pacis
644 1082 681 1125 ex
702 1056 834 1145 vulpina
855 1058 1019 1146 industria,
1041 1055 1075 1124 et¹
1095 1074 1171 1124 tunc
1195 1079 1258 1122 non
1274 1056 1378 1142 gau-⁵

375 1169 459 1233 deret
479 1164 679 1231 immunitate
702 1163 830 1229 ecclesie
857 1163 988 1249 exlege
1013 1163 1077 1227 iarn
1108 1161 1256 1249 proximo
1279 1161 1353 1226 alle··

374 1284 455 1356 gata.
464 1270 623 1353 Secundo,
632 1268 708 1355 quia
722 1269 913 1355 conspiravit
924 1290 1001 1333 cum
1015 1268 1140 1333 Adonin
1156 1284 1188 1332 et
1203 1267 1355 1331 Abiathar

375 1390 483 1441 contra
504 1396 619 1461 regem.
643 1376 683 1440 Et
705 1373 801 1439 tercio
816 1374 977 1461 precipue,
1000 1374 1074 1460 quia
1095 1393 1149 1437 rex
1167 1372 1274 1437 timuit
1295 1370 1352 1434 sibi

375 1481 461 1565 quod
480 1480 560 1544 Joab
582 1490 739 1564 superstes
760 1478 792 1541 in
816 1497 916 1563 regno
947 1498 1059 1564 pacem
1087 1476 1201 1563 populi
1231 1488 1352 1560 pertur-

375 1585 471 1649 baret.
516 1583 592 1648 ldeo
635 1582 795 1649 subditur:
846 1583 958 1649 David
1000 1594 1108 1649 autem
1163 1593 1195 1647 et
1241 1580 1398 1645 ceminio

375 1690 503 1756 eiusce
532 1689 645 1754 domui
680 1698 711 1752 et
739 1698 834 1753 trono
857 1689 928 1755 elus
943 1689 963 1728 ⁸
977 1689 1019 1752 sr‘t
1044 1706 1119 1772 pax
1150 1689 1183 1753 in
1209 1697 1353 1752 eternum
1367 1682 1425 1748 ¹⁴⁸·

377 1794 562 1859 adomino.

167 1910 190 1957 λ
206 1908 311 1953 secana
324 1908 352 1953 0¹
418 1900 465 1963 Ex
487 1898 554 1964 istis
575 1897 672 1964 tercio
695 1897 740 1962 sic
770 1895 914 1981 arguitur
935 1917 975 1960 ex
996 1896 1064 1981 lege
1086 1894 1145 1959 Dei
1168 1915 1268 1982 quam
1287 1915 1354 1958 non

167 1960 354 2059 dnm-m
377 2020 424 2070 est
445 2005 489 2069 las
511 2003 635 2069 homini
658 2003 843 2090 inpugnare,
865 2002 938 2067 licet
965 2002 1085 2065 nedum
1115 2001 1155 2063 de
1186 1998 1276 2063 altari
1298 1998 1356 2062 Dei

376 2122 504 2196 propter
539 2109 687 2174 timorem
717 2106 966 2194 perturbationis
996 2103 1084 2189 regni
1116 2102 1286 2190 fugitivum
1316 2100 1398 2167 ad¹5

377 2214 584 2278 occidendum
606 2212 774 2296 extrahere,
796 2213 850 2277 sed
883 2210 1001 2275 ibidem
1031 2230 1107 2274 eum
1138 2209 1290 2290 occidere,
1321 2223 1356 2274 ut

376 2332 461 2404 patet
481 2338 518 2382 ex
541 2317 645 2401 dictis3
668 2318 724 2382 sed
745 2316 906 2381 infinitum
933 2317 1041 2381 minus
1073 2327 1156 2380 esset
1189 2313 1357 2397 fugitivum

376 2423 497 2487 salvum
527 2422 559 2485 in
591 2421 654 2487 vita
686 2436 717 2487 et
748 2421 900 2486 membris
931 2420 1104 2502 extrahere3
1137 2439 1223 2504 ergo,
1254 2418 1357 2504 posita

377 2526 553 2590 vehementi
575 2525 754 2612 suspicione
769 2526 849 2610 regis
864 2540 896 2590 et
911 2525 960 2590 sui
981 2525 1103 2589 consilii
1119 2527 1158 2589 de
1173 2513 1358 2611 prodicione

377 2631 426 2695 vel
447 2629 685 2716 perturbacione
700 2631 786 2716 regni
802 2651 859 2717 per
881 2633 958 2696 tales
974 2629 1122 2715 fugitivos
1147 2629 1262 2711 lutura,
1286 2630 1401 2695 licet²⁰

377 2756 432 2799 eos
453 2734 628 2799 secundum
651 2732 786 2799 formam
807 2735 984 2820 predictam
1007 2735 1166 2800 extrahere
1189 2749 1220 2800 et
1242 2734 1359 2798 intuta

378 2822 518 2904 custodia
541 2859 734 2904 conservare

155 2962 370 3072 affligem,
421 2962 485 3025 Nec
499 2961 581 3026 valet
590 2961 690 3025 dicere
705 2963 792 3046 quod
803 2960 852 3025 lex
869 2961 998 3048 antiqua
1009 2982 1075 3025 non
1084 2961 1204 3046 obligat
1212 2961 1358 3026 homines

168 3068 361 3178 grnfffiybfff
378 3064 455 3151 legis
476 3087 569 3147 nove,
591 3080 661 3130 tum
690 3066 764 3152 quia
786 3067 963 3152 superista
992 3068 1060 3152 lege
1094 3067 1190 3131 veteri
1224 3065 1358 3131 lundam

231 3173 310 3217 ¹¹¹¹*-
349 3151 357 3176 ’
378 3172 461 3253 leges
484 3170 612 3234 ecclesie
633 3170 700 3234 iura
722 3191 790 3254 sua,
813 3186 849 3237 ut
870 3185 957 3257 patet
980 3172 1018 3235 de
1041 3184 1192 3257 quattuor
1214 3168 1269 3256 qui
1291 3160 1399 3233 non²⁵

377 3275 558 3359 gaudebunt
568 3274 779 3349 ¹immunitate
794 3277 935 3358 ecclesie,
951 3297 1017 3340 non
1032 3276 1105 3340 licet
1115 3296 1191 3361 ergo
1201 3277 1360 3340 destruere

378 3380 530 3466 principia
552 3380 628 3465 legis
656 3382 794 3464 ecclesie,
828 3395 900 3446 tum
931 3381 1007 3467 quia
1038 3381 1181 3467 arguitur
1214 3401 1252 3444 ex
1283 3378 1361 3462 legis

378 3485 481 3550 divine
512 3485 634 3551 iusticia
664 3506 720 3571 per
747 3488 856 3550 locum
883 3508 901 3549 a
929 3486 1042 3551 maiori
1075 3484 1148 3550 facti
1179 3484 1279 3549 nostri
1309 3482 1359 3547 iu·

379 3589 474 3672 sticia,
495 3604 566 3654 tum
583 3589 683 3654 eciam
699 3589 773 3676 quia
790 3605 866 3654 tunc
881 3612 949 3654 non
964 3605 1139 3656 remaneret
1155 3588 1246 3653 nobis
1262 3587 1360 3653 eccle·

378 3692 507 3758 siasticis
529 3693 641 3760 titulus
664 3693 801 3758 decimas
822 3694 1020 3777 vendicandi,
1043 3715 1119 3758 cum
1143 3713 1211 3756 non
1233 3714 1270 3756 ex
1292 3692 1404 3777 lege3o

380 3818 461 3861 nova
481 3799 534 3862 sed
557 3797 653 3864 veteri
674 3798 869 3864 autorizatur
894 3799 989 3863 nobis
1011 3797 1133 3863 solucio
1155 3796 1361 3861 decimarum.

417 4033 442 4075 4.
468 4017 500 4064 Dr
531 4018 617 4067 Priuer.
721 4019 752 4067 13.
778 4019 817 4066 Dr
839 4020 874 4067 Ει
893 4020 946 4067 lrtlr
965 4020 1049 4067 tribus.
1071 4021 1095 4067 Α
1121 4017 1145 4065 ln
1168 4029 1257 4075 merge
1283 4012 1363 4060 Prima

380 4089 510 4144 responsio.
615 4089 649 4136 1⁶.
663 4089 680 4134 B
696 4089 721 4136 ln
736 4101 823 4148 marg-r
837 4090 901 4136 lubet
918 4091 1036 4137 oeeldere.
1143 4086 1177 4134 23.
1197 4087 1257 4134 Ala
1271 4096 1359 4140 merga

379 4157 482 4204 Flctlcla.
585 4158 622 4205 26.
637 4159 670 4205 Ds
690 4159 731 4219 qul
745 4170 809 4206 nnuc
823 4160 968 4216 gaudebunt.
1073 4161 1108 4206 sd.
1125 4171 1162 4217 ²7·
1183 4158 1216 4202 Βι
1236 4154 1365 4203 dlstrrhere

380 4226 501 4287 principle.
606 4228 642 4274 sti.
657 4229 687 4275 Br
701 4228 797 4276 lactlnt
810 4227 894 4276 nostrl.
999 4243 1036 4291 ²⁹·
1050 4230 1085 4277 20.
1102 4229 1137 4275 Dr
1151 4223 1331 4274 ecelerlartlenr.

429 4420 469 4459 ιο.
486 4404 529 4472 tn,
546 4406 613 4476 Reg.
631 4406 662 4474 u,
680 4407 723 4462 3³.
