3262 5226
708 623 877 679 sommus
894 623 1043 679 wrcnrr.
1217 602 1363 696 [crem

376 803 474 867 quam
495 804 608 846 omnes
631 781 842 866 turpitudines
872 782 923 847 vel
951 780 1152 867 pollutiones
1183 781 1362 864 corporales
1377 802 1436 859 ,ω
1451 805 1477 856 1,

376 886 552 970 possibiles.
589 888 672 950 Nam
695 888 780 951 Deus
806 887 934 951 cuilibet
961 902 1101 951 creature
1127 885 1363 971 quantumlibet

377 991 460 1077 turpi
474 991 621 1071 illabitur,
634 991 738 1076 ipsam
751 1012 894 1072 causans,
909 1013 1007 1076 quem
1022 1010 1167 1055 amorem
1183 1011 1249 1052 non
1260 1003 1364 1073 potest

375 1094 490 1159 habere
516 1095 556 1158 ad
582 1110 759 1179 peccatum,
791 1097 877 1159 unde
908 1093 1080 1182 (quantum
1109 1116 1170 1179 ego
1200 1093 1363 1180 concipio)
1391 1106 1416 1118 ”

375 1198 497 1263 domini
513 1200 702 1283 temporales
716 1198 904 1264 insteterunt
918 1199 1089 1283 prudenter
1110 1220 1170 1282 pro
1193 1199 1256 1263 loci
1276 1219 1388 1276 reve-5

375 1304 479 1367 rencia
500 1303 674 1368 ethonore
702 1304 840 1368 ecclesie.
879 1304 963 1367 Nam
990 1303 1190 1367 sentencia
1217 1303 1363 1367 domini

174 1417 338 1464 resuere·
375 1407 462 1486 mei,
485 1407 628 1471 domini
651 1408 771 1489 ducis,
794 1407 867 1473 luit
889 1409 991 1493 quod
1015 1407 1363 1473 conservareturin

152 1471 428 1623 'amois-“⁵
451 1514 707 1598 quodcunque
729 1513 972 1598 privilegium
994 1512 1084 1597 quod
1107 1511 1140 1575 in
1163 1511 1362 1576 honestatem

142 1576 332 1684 ’Ἥῗέιιῖρ
375 1615 438 1680 loci
460 1616 611 1697 sonuerit,
633 1618 722 1702 quod
750 1615 920 1681 utilitatem
950 1617 1185 1681 monachorum
1212 1615 1363 1698 intulerit,

375 1721 465 1805 quod
491 1721 531 1783 ad
560 1740 666 1784 veram
699 1720 946 1785 misericordium
976 1735 1009 1785 et
1040 1721 1191 1806 pietatem
1225 1720 1363 1806 fugitivis
1377 1758 1407 1794 ro

375 1823 572 1909 pertinuerit,
604 1826 691 1910 quod
723 1825 827 1888 honor
856 1824 938 1909 regis
964 1844 1014 1907 ac·
1027 1824 1245 1890 iuramentum
1267 1846 1363 1890 suum

375 1931 414 1993 de
448 1931 665 1993 conservando
697 1929 876 2014 cuicunque
907 1929 990 2013 legio
1021 1951 1082 1994 suo
1109 1929 1269 1994 iusticiam
1291 1950 1362 2014 per·

375 2032 506 2114 miserit,
537 2033 570 2097 in
597 2048 723 2098 tantum
755 2033 843 2118 quod
874 2033 1091 2098 audivimus
1123 2055 1208 2099 eum
1240 2033 1364 2098 dicere

376 2136 754 2222 quodtollerabilesoret
766 2147 801 2200 ret
809 2138 954 2224 profugi
965 2138 1123 2202 haberent
1133 2140 1178 2203 ibi
1192 2140 1362 2226 refugium

375 2243 408 2305 in
425 2261 528 2305 causa
540 2244 681 2306 alicuius
691 2243 810 2324 speciei
822 2243 971 2306 criminis
986 2242 1051 2307 lese
1063 2244 1157 2326 regie
1173 2244 1362 2310 maiestatis.
1378 2265 1406 2317 ,5

151 2352 192 2400 tte
212 2352 291 2396 *ουκ
307 2352 366 2397 hm
375 2347 573 2428 Defloracio,
588 2346 700 2430 inquit,
705 2345 781 2429 filie
802 2346 894 2439 regis
915 2357 963 2410 est
985 2366 1050 2409 rena
1073 2349 1199 2428 species
1217 2347 1365 2412 criminis

160 2404 280 2450 retentet
293 2418 352 2450 eren

172 2457 296 2565 {23:¹33
304 2460 351 2555 ¹¹¹3
376 2452 443 2515 lese
473 2453 566 2536 regie
608 2450 795 2531 maiestatis,
825 2449 885 2514 sed
913 2451 1012 2535 longe
1041 2451 1102 2513 hoc
1121 2470 1150 2533 ‘a
1171 2451 1364 2535 prodicione

167 2561 219 2658 ὡς
229 2562 356 2670 'mlh
378 2557 483 2641 regni,
507 2574 527 2617 a
550 2555 737 2641 defensione
760 2555 877 2618 iniurie
900 2555 964 2618 Dei
985 2564 1017 2617 et
1032 2555 1193 2638 proximi,
1213 2565 1245 2619 et
1260 2557 1362 2620 eciam

378 2680 398 2723 a
435 2660 669 2742 darnpnaciorre
708 2658 815 2722 anime
851 2658 1020 2723 incolentis
1054 2658 1161 2722 locum
1195 2658 1287 2722 illum
1320 2681 1364 2725 ex

290 2826 299 2847 Ι
375 2764 560 2850 ᾰᾷεηείοηε
580 2763 713 2827 sceleris
725 2762 875 2848 fugitivi.
899 2761 969 2846 lpse
991 2775 1099 2825 autem
1114 2761 1260 2827 animose
1278 2764 1363 2827 stetit
1374 2798 1407 2834 20

375 2868 575 2954 singulariter
601 2888 658 2951 pro
682 2867 750 2931 istis
772 2865 902 2929 iustitiis
925 2866 957 2928 in
980 2879 1105 2930 tantum
1129 2869 1220 2951 quod
1255 2867 1364 2932 docuit

376 2973 441 3052 ubi,
466 2993 639 3056 perquam
663 2985 694 3034 et
716 2971 846 3054 quando
869 2970 973 3033 oblate
994 2984 1068 3033 sunt
1091 2970 1150 3032 sibi
1174 2971 1262 3035 mille
1283 2971 1363 3036 libre

375 3080 414 3140 ad
441 3077 678 3160 procurandum
710 3075 759 3137 vel
790 3074 1044 3158 promittendum
1075 3074 1178 3138 dictos
1211 3074 1364 3158 fugitivos

375 3203 450 3245 cum
466 3201 525 3244 suo
546 3180 669 3263 captivo
684 3181 725 3241 ad
745 3193 839 3242 terras
863 3177 1065 3241 inimicorum
1089 3179 1248 3260 accedere,
1276 3182 1364 3263 quod

375 3286 450 3369 quia
466 3285 570 3349 visum
593 3284 650 3346 luit
673 3283 731 3345 sibi
756 3296 786 3346 et
809 3282 891 3364 regis
906 3283 1040 3345 consilio
1059 3281 1136 3366 ipsis
1151 3280 1363 3348 confedemtis
1376 3304 1406 3354 25

377 3410 452 3453 cum
488 3388 631 3451 hostibus
669 3389 709 3449 nd
745 3387 923 3469 periculum
961 3387 1046 3470 regni
1084 3406 1223 3470 vergere,
1262 3388 1364 3451 noluit

168 3510 191 3569 tr
203 3508 318 3569 evonga
333 3508 362 3553 ot
376 3493 535 3557 assentire.
567 3493 657 3556 Unde
692 3492 826 3553 omnino
861 3503 907 3553 est
941 3490 1178 3573 irreligiositatis
1218 3491 1364 3554 condicio

174 3560 347 3657 r¹ili''lc'ilaii
376 3597 558 3660 invidorum
580 3595 708 3658 nuribus
730 3594 942 3677 prurientibus
964 3596 1003 3656 de
1022 3594 1154 3657 homine
1177 3594 1251 3658 ficta
1274 3616 1363 3658 scan-

376 3703 484 3763 daloso
512 3699 673 3762 mendacia
707 3713 737 3762 et
770 3697 904 3781 graviter
935 3697 1014 3760 serre
1046 3700 1084 3761 de
1116 3718 1157 3760 eo
1180 3713 1365 3761 commenta

376 3804 543 3867 laudabilia
567 3824 628 3889 que
655 3824 712 3887 per
733 3802 852 3863 multos
875 3801 1070 3864 centenarios
1093 3801 1268 3865 hominum
1290 3816 1365 3866 sunt
1375 3822 1407 3873 30

376 3908 494 3974 audite.

420 4013 495 4074 Pars
509 4025 614 4074 autem
631 4011 759 4072 adversa
776 4008 841 4070 visa
864 4021 910 4070 est
933 4008 1024 4069 nobis
1048 4008 1183 4071 omnino
1203 4023 1285 4072 stare
1307 4029 1365 4091 pro

377 4114 549 4194 contrario;
581 4134 653 4176 cum
685 4112 771 4175 enim
803 4114 937 4173 domum
973 4108 1029 4173 Dei
1058 4112 1148 4174 decet
1184 4113 1364 4176 sanctitudo

376 4233 521 4300 tempore
545 4237 713 4301 synagoge,
739 4231 859 4300 quanto
875 4214 975 4298 magis
999 4230 1142 4298 tempore
1162 4214 1241 4298 legis
1263 4215 1364 4300 gracie

416 4481 437 4515 s.
458 4471 481 4515 Α
501 4470 525 4516 la
546 4482 634 4526 meree
650 4467 724 4514 tiore.
802 4471 821 4518 3
842 4471 873 4515 Be
894 4480 966 4528 quent
983 4480 1097 4515 amorem.
1179 4465 1214 4513 ro.
1229 4477 1260 4523 ty.
1280 4467 1302 4512 Α
1319 4467 1364 4525 Ar·

379 4538 513 4588 Dessorsslo
525 4564 551 4575 -
568 4540 694 4586 malestatis
708 4539 782 4588 deest.
