3262 5226
199 451 268 499 car.
282 437 357 525 xm}
576 455 623 508 un
641 455 819 508 accessu.

94 628 189 698 ¹7²⁴K
242 613 316 677 ldeo
339 612 476 677 creditur
498 611 703 697 probabiliter
717 612 806 696 quod
822 610 969 676 Christus
984 610 1191 676 necessitatus

200 716 258 782 fuit
291 719 381 802 lapsu
413 716 582 802 supposito
605 716 645 778 ad
668 737 762 780 suam
784 715 936 780 fabricam
969 718 1189 802 reparandam.

200 823 276 886 ldeo
298 822 373 886 dicit
396 822 481 885 Luce
505 821 620 884 ultimo
643 821 731 904 quod
754 822 901 905 oportuit
921 820 1087 886 Christum
1108 821 1189 904 pati.
1322 896 1325 900 Ι

200 925 322 991 Omnes
344 948 420 1010 ergo
443 924 566 990 domini
589 926 743 988 seculares
759 941 790 988 et
806 924 942 988 breviter
956 924 1065 988 omnia
1087 937 1241 988 mem-sar
1257 938 1308 982 un
1326 937 1422 1002 spectat

176 1033 256 1101 5bra
286 1031 416 1095 ecclesie
447 1029 542 1093 titulo
576 1028 660 1091 illius
683 1028 808 1092 domini
832 1042 967 1093 utuntur
994 1027 1190 1114 patrimonio
1206 1001 1410 1138 gimeias
1492 1010 1499 1024 ⁸

201 1134 349 1212 crucifixi,
380 1150 411 1197 et
434 1133 506 1195 ideo
530 1146 658 1216 oportet
685 1133 776 1218 quod
799 1154 912 1197 omnes
935 1132 1004 1197 eius
1025 1131 1093 1215 filii,
1124 1102 1421 1243 tam⁸⁸a¹1iribi⁸oiio⁸⁸⁸

201 1239 302 1302 clerici
324 1257 422 1321 quam
438 1236 519 1317 laici,
543 1251 673 1301 caveant
695 1239 734 1300 de
756 1238 867 1301 abusu.
894 1239 934 1302 Et
949 1238 993 1301 ita
1013 1236 1190 1301 conceden·
1268 1210 1356 1246 ’Μ

201 1343 280 1406 dum
317 1355 363 1404 est
400 1342 488 1425 quod
526 1340 629 1404 clerici
663 1355 694 1404 et
725 1341 905 1425 specialiter
937 1340 1055 1406 Christi
1086 1339 1191 1405 vicarii

201 1447 338 1510 habeant
375 1444 462 1530 prius
494 1458 525 1508 et
557 1443 730 1529 perleccius
767 1445 1002 1531 patrimonium
1039 1443 1192 1527 crucifixi;

161 1551 256 1618 rosed
294 1563 370 1614 tunc
408 1562 536 1633 oportet
573 1550 662 1634 quod
705 1549 870 1613 imitentur
915 1551 1053 1614 modurn
1097 1570 1194 1615 suum

202 1653 338 1716 habendi
375 1669 406 1718 et
444 1653 553 1718 utendi
592 1668 751 1739 quantum
788 1653 962 1719 sufficiunt
1000 1657 1070 1740 lpse
1107 1653 1194 1717 enim

202 1757 313 1822 habuit
344 1758 402 1822 hec
426 1759 458 1821 in
481 1758 532 1821 via
555 1778 638 1842 puro
662 1757 757 1823 titulo
779 1756 882 1842 gracie
905 1773 936 1823 et
958 1759 1099 1823 humane
1129 1760 1194 1822 ele·

203 1862 325 1924 mosine
363 1877 394 1925 ct
431 1862 552 1946 precise
589 1864 649 1925 sub
680 1863 733 1926 illa
766 1884 916 1928 mensura
947 1863 1008 1927 sub
1039 1884 1104 1947 qua
1133 1862 1193 1928 luit

203 1966 447 2050 exproprietarie
483 1966 696 2030 necessarium
729 1968 770 2030 ad
802 1966 1042 2031 edificacionem
1064 1967 1195 2033 ecclesie

164 2084 234 2137 sset
256 2070 399 2133 medium
432 2071 472 2133 ad
496 2071 753 2154 supportandum
784 2072 996 2135 ministerium
1022 2071 1195 2157 spirituale,

204 2189 234 2237 et
264 2174 350 2237 idem
382 2196 482 2258 genus
514 2174 603 2239 modi
646 2175 784 2238 habendi
826 2175 953 2261 reliquit
994 2175 1196 2261 appropriate

137 2294 196 2360 173·
207 2277 326 2341 clericis
350 2278 444 2342 sortis
467 2300 534 2360 sue,
558 2294 594 2342 ut
617 2294 703 2363 patet
718 2280 786 2361 xlt,
809 2301 839 2364 q.
864 2280 902 2362 1⁸,
923 2280 1079 2346 Clericus.
1102 2276 1196 2346 lste⁸

206 2398 314 2446 autem
346 2399 392 2449 est
424 2386 542 2448 modus
573 2384 711 2448 habendi
742 2384 926 2470 perfeccior,
957 2385 1033 2470 quia
1055 2406 1073 2449 a
1095 2384 1195 2449 modo

206 2487 371 2552 mundano
413 2488 597 2553 distraceior
634 2504 665 2553 et
702 2491 803 2554 modo
848 2490 983 2554 habendi
1030 2490 1196 2554 beatorum

165 2623 196 2658 20
206 2590 348 2657 similior.
396 2593 537 2671 Quando
561 2593 649 2658 enirn
672 2594 1026 2677 triumphantes-vitam
1054 2608 1196 2658 eternam

205 2694 422 2779 possidebunt,
455 2697 541 2760 Deus
574 2719 629 2761 eos
658 2696 823 2761 constituit
855 2697 1083 2780 superomnia
1111 2698 1197 2762 bona

205 2820 273 2883 sua,
297 2814 329 2865 et
350 2815 426 2865 tunc
450 2822 516 2865 non
539 2802 702 2865 habebunt
718 2820 815 2863 usum
837 2802 985 2865 vescendi
1007 2802 1059 2865 vel
1081 2822 1195 2886 corpo·

206 2906 304 2970 selem
335 2905 558 2990 imperfectum
590 2918 626 2967 ut
658 2904 768 2982 modo,
801 2904 857 2966 sed
880 2925 978 2969 usum
1000 2906 1197 2992 spiritualem

208 3032 264 3094 per
285 3010 503 3074 intencionem
526 3008 559 3070 in
575 3007 684 3087 verbo,
708 3020 739 3070 et
762 3007 801 3069 de
824 3022 947 3091 quanto
963 3008 1067 3074 viator
1088 3008 1197 3073 ceteris

162 3114 332 3197 asparibus
354 3114 427 3199 plus
450 3113 489 3175 ad
513 3111 609 3174 talem
632 3132 727 3174 usum
751 3113 924 3194 accesserit,
949 3114 989 3178 de
1010 3128 1102 3179 tanto
1123 3133 1195 3199 per·

205 3217 321 3281 leccius
343 3215 501 3301 procedit;
524 3215 613 3298 quod
636 3213 756 3280 faciunt
771 3216 816 3279 hii
832 3216 887 3302 qui
903 3217 977 3301 plus
993 3218 1138 3282 laborant
1156 3219 1197 3282 ad

205 3320 445 3385 edificacionem
480 3316 610 3382 ecclesie
644 3332 675 3382 et
709 3316 1033 3403 stricte,“humiliter
1067 3335 1099 3385 et
1135 3321 1195 3385 im·

205 3424 409 3488 mundialiter
446 3421 608 3507 accipiunt
649 3423 789 3507 graciam
834 3424 1029 3489 necessitatis
1074 3440 1196 3509 nature,

206 3542 362 3614 quantum
384 3527 554 3612 requiritur
576 3548 635 3612 pro
657 3528 719 3593 hoc
741 3527 815 3593 fine.

170 3651 196 3704 1.
248 3630 310 3696 Sed
341 3631 483 3694 secundo
515 3630 652 3696 obicitur
682 3653 739 3717 per
770 3633 832 3696 hoc
855 3633 944 3718 quod
967 3632 1113 3698 Christus
1136 3633 1195 3699 luit
1242 3653 1384 3700 osseum

206 3735 301 3799 simul
332 3755 384 3798 rex
416 3750 448 3800 ct
479 3737 626 3800 sacerdos
650 3736 846 3819 humanitus,
870 3738 924 3800 sed
948 3759 1045 3800 omne
1068 3738 1193 3822 privile·
1213 3706 1408 3811 tidrtitiiriin'd

206 3840 296 3925 glum
317 3839 405 3924 quod
427 3839 539 3904 habuit
562 3841 749 3906 humanitus
773 3841 928 3905 concessit
955 3844 1050 3906 Petro
1072 3856 1104 3906 et
1126 3842 1194 3906 elus
1235 3812 1423 3921 ‘pigi'iuiitirbtia

206 3944 337 4026 vicariis,
353 3965 428 4028 ergo
444 3944 504 4028 ipsi
520 3946 637 4010 debent
655 3966 723 4008 esse
738 3945 835 4008 simul
855 3966 943 4030 reges
959 3960 991 4010 et
1006 3946 1195 4029 sacerdotes,
1248 3919 1287 3963 '¹²‘
1300 3929 1377 3964 ’ω

246 4175 275 4222 ¹7·
299 4163 318 4209 Β
341 4162 365 4209 ia
388 4175 476 4219 maras
502 4163 567 4211 Nota
593 4165 684 4212 titulum
708 4163 797 4211 Christi
826 4164 855 4211 ad
883 4165 1019 4215 nabendum
1048 4149 1196 4226 temporalia.

205 4244 237 4278 at.
250 4236 272 4278 Α
285 4235 328 4291 Ap
344 4233 478 4281 constituet.
584 4235 621 4281 ³0.
635 4239 655 4280 Α
671 4235 694 4281 la
709 4246 799 4292 maru-e
814 4233 923 4280 Secunda
938 4236 1011 4282 raelo.

252 4390 291 4444 ¹7·
310 4375 412 4429 Deerat.
430 4376 452 4429 ll
469 4391 541 4445 pars,
559 4392 638 4430 caum
657 4376 713 4442 llll,
731 4392 758 4446 q.
777 4377 797 4442 l,
814 4391 838 4429 e.
856 4376 889 4431 V.
