3262 5226
200 316 270 364 can.
285 297 349 391 xta]
570 317 616 370 or:
635 313 814 371 accensu.

93 491 153 563 ¹7⁵¹
167 474 330 548 nabstulit
367 473 469 537 aliene
505 485 616 537 contra
652 473 802 537 mandata
834 473 971 535 secunde
1008 471 1126 554 tabule,
1164 485 1198 537 et

172 581 311 661 stercio,
334 576 409 663 quia
436 576 509 641 lecit
532 575 590 639 ista
615 596 682 641 non
705 577 738 640 in
763 575 891 641 caritate
906 590 1015 641 contra
1030 575 1198 640 veritatem

202 676 392 749 catholicam
407 681 568 766 Apostoli,
585 681 625 764 1⁰,
647 682 721 748 Cot.
746 682 919 764 XV1⁰,14:
946 680 1065 745 Omnia
1086 690 1196 744 vestra

202 793 235 853 in
258 790 396 853 caritate
410 785 513 870 fiam.
530 785 655 849 Totum
676 786 862 849 antecedens
885 799 932 849 est
953 786 994 849 ab
1015 784 1197 851 adversario

177 893 454 964 scoticedendum.
485 891 531 954 Ex
558 891 675 974 quibus
703 891 784 954 ultra
811 890 970 975 colligitur
991 892 1080 977 quod
1107 911 1197 976 reges
1212 904 1259 949 aad
1273 904 1410 950 aarum·

203 997 317 1080 Anglie
333 996 365 1057 in
383 994 426 1057 sic
443 993 587 1058 iaciendo
604 1009 679 1059 sunt
694 995 831 1076 heretici,
848 1009 970 1061 etcum
991 997 1070 1059 illud
1094 1015 1197 1081 usque
1219 955 1404 1054 li’e'iall’f'xii'ef

203 1102 242 1162 ad
276 1115 412 1163 mortem
447 1098 662 1180 defenderant,
701 1100 844 1185 sequitur
875 1101 962 1185 quod
996 1063 1420 1171 decessemntontiil523¹io⁰r.b‘

204 1203 330 1265 heretici
347 1216 378 1266 et
394 1202 573 1285 dampnati3
589 1218 619 1267 et
639 1224 746 1267 ret-era
762 1204 926 1287 religiosus
940 1203 1197 1288 possessionatus

204 1306 259 1390 qui
290 1305 389 1369 credit
421 1306 479 1370 hec
511 1307 619 1371 omnia
651 1307 699 1370 vel
730 1306 858 1370 remisse
889 1308 939 1372 vel
970 1308 1061 1372 nullo
1094 1308 1196 1371 modo

164 1448 195 1485 10
204 1424 306 1474 oraret
340 1431 399 1494 pro
431 1412 521 1475 dictis
550 1412 674 1495 regibus
705 1410 770 1474 iam
800 1410 956 1475 defunctis
987 1426 1019 1477 et
1050 1433 1124 1476 curn
1156 1432 1196 1476 ex
1305 1477 1307 1480 Α

204 1515 297 1579 titulo
321 1515 364 1578 sic
387 1517 497 1579 orandi
522 1531 607 1580 tenet
630 1538 649 1580 a
673 1535 744 1599 rege
767 1536 840 1578 suas
862 1516 1052 1581 elemosinas
1067 1530 1194 1601 tempo·

203 1620 292 1687 rales.

169 1745 194 1797 n
247 1726 312 1788 Nec
335 1725 416 1790 valet
439 1727 540 1791 dicere
563 1726 652 1810 quod
676 1746 843 1810 nunquam
866 1725 1051 1810 simpliciter
1065 1726 1196 1791 abstulit
1226 1739 1244 1785 rr
1259 1740 1280 1784 l·
1294 1752 1307 1785 ι
1322 1753 1391 1788 mae

204 1849 255 1893 rex
287 1830 474 1914 temporalia
515 1831 712 1910 clericorum,
750 1831 825 1915 quia
862 1845 983 1894 certum
1021 1844 1070 1894 est
1106 1832 1196 1916 quod
1209 1804 1312 1889 3·ῗῖἶῖ
1326 1800 1424 1904 ll'etir't·

165 1933 333 2006 15abstulit
355 1935 394 1997 ab
417 1936 540 1999 cistam
564 1937 694 2001 mobilia
717 1956 813 2020 quam
838 1935 1013 1999 immobilia
1037 1934 1105 1998 sine
1132 1935 1195 1999 hoe
1237 1897 1387 2006 'q'llalt'se'a'i'
1430 1993 1433 1997 ,

204 2039 293 2121 quod
310 2059 452 2123 unquam
476 2041 520 2104 eis
537 2041 671 2105 restituit
694 2055 725 2104 et
747 2041 842 2105 talem
866 2039 1063 2104 ablacionem
1079 2052 1196 2103 vocent

204 2144 358 2226 scriptura
381 2160 412 2210 et
434 2148 649 2211 communitas
664 2147 861 2211 ablacionem
877 2143 1072 2227 simpliciter,
1095 2142 1145 2206 vel
1167 2142 1195 2205 si

202 2265 333 2315 vocetur
355 2250 476 2315 ablacio
499 2252 605 2317 solum
628 2253 804 2316 secundum
827 2250 916 2335 quid,
938 2247 1013 2333 quia
1036 2247 1145 2311 solum
1177 2268 1196 2310 a

203 2369 290 2437 parte
303 2354 443 2435 ecclesie,
460 2377 525 2420 non
537 2359 698 2421 contendo
713 2357 769 2420 sed
784 2355 971 2437 scripturam
987 2366 1017 2416 et
1033 2353 1195 2416 mundum

161 2459 235 2526 roin
259 2473 353 2524 testes
377 2460 492 2524 invoco
515 2464 603 2545 quod
626 2476 713 2526 tanta
736 2457 925 2521 confiscatio
949 2455 1052 2542 qualis
1068 2477 1193 2520 merno-

202 2577 287 2627 ratur
326 2563 406 2628 lacte
441 2585 498 2648 per
537 2586 623 2648 reges
652 2562 765 2644 Anglie
804 2559 863 2622 luit
901 2561 1048 2623 notabilis
1070 2561 1194 2625 ablatio

202 2669 436 2754 temporalium.

245 2774 311 2836 Nee
334 2773 418 2837 valet
440 2771 620 2855 sompniare
643 2769 730 2852 quod
763 2782 836 2850 post
858 2768 1056 2833 ablacionem
1085 2790 1193 2854 perce·
1236 2784 1383 2880 opiterine

205 2891 319 2960 petunt
342 2877 479 2940 lructum
503 2895 615 2937 eorum
638 2895 675 2934 ex
698 2874 791 2938 titulo
815 2874 959 2954 caritatis,
992 2896 1057 2959 qua
1085 2841 1418 2984 omniaqufii'l'lilim·

161 2995 276 3049 15811οῑ
303 2980 392 3045 iustis
416 2978 611 3057 communia,
643 2978 718 3061 quia
754 2978 845 3041 multi
877 2999 988 3040 amaro
1018 2979 1129 3043 animo
1161 2944 1416 3089 etlolcaeplolerifit't

202 3106 276 3149 cum
299 3104 463 3148 murmure
479 3081 583 3145 lerunt
598 3082 796 3145 ablacionem
816 3082 1013 3163 huiusmodi,
1037 3103 1094 3145 nec
1118 3095 1195 3147 sunt
1222 3122 1224 3126 .
1262 3045 1356 3103 '⁵⁰⁰³

201 3189 233 3251 in
270 3187 411 3271 capitulo
448 3206 524 3249 cum
560 3185 621 3249 illis
658 3188 774 3270 quibus
809 3186 855 3249 ait
887 3187 1064 3271 Apostolus
1101 3188 1193 3272 quod

200 3295 353 3376 rapinam
378 3291 536 3355 bonorum
560 3310 695 3354 suorum
723 3311 796 3353 rum
820 3290 944 3375 gaudio
965 3302 1191 3374 susceperunt,

201 3415 314 3481 ymmo
364 3396 659 3480 quomodocunque
709 3395 840 3476 dicatur,
890 3395 1033 3479 sequitur
1080 3409 1193 3459 contre

159 3497 372 3570 30secundam
406 3499 645 3563 conclusionem
679 3499 819 3562 doctoris
850 3501 938 3583 quod
965 3519 1053 3584 reges
1077 3498 1192 3584 Anglie

200 3616 337 3688 possunt
352 3603 383 3664 in
399 3624 473 3668 casu
489 3604 609 3668 aulerre
632 3603 817 3687 simpliciter
839 3604 1025 3687 temporalia
1041 3604 1113 3668 cleri
1130 3604 1190 3668 sui.

239 3859 262 3907 Β.
276 3859 307 3905 Bt
321 3865 387 3906 erant
399 3859 503 3905 heretici.
609 3858 640 3906 1³.
654 3861 677 3904 Α
690 3859 713 3903 ln
729 3871 816 3915 marga
830 3859 921 3905 Ficelo.
1027 3861 1059 3907 16.
1080 3860 1110 3905 Bt
1124 3859 1190 3919 quod

201 3942 329 3989 nunqnam.
436 3929 469 3974 16.
490 3930 522 3974 Ba
543 3929 642 3975 restitnit
662 3927 742 3974 talem.
848 3928 880 3975 ²3.
902 3931 924 3975 Α
946 3931 969 3975 ln
991 3941 1079 3988 merga
1100 3928 1189 3976 Flcelo.

200 4011 235 4054 ²⁴·
251 4000 282 4044 B:
296 4007 379 4044 eontra
392 3998 471 4043 omnir
485 4000 548 4057 quir.
655 3997 691 4042 26.
708 3997 738 4041 B:
753 3997 899 4044 ablacionem
911 4024 931 4078 Τ
943 4012 998 4045 curn
1012 3998 1100 4055 gaudio
1113 3999 1189 4044 deest.

199 4069 235 4113 all.
249 4068 280 4115 lia
296 4080 350 4113 eum
364 4069 445 4126 gladio
458 4079 619 4127 susceperunt.

247 4263 287 4316 η.
307 4246 386 4298 llebt.
406 4246 438 4313 x,
458 4245 499 4313 34,
