3262 5226
168 461 229 527 ¹9²
705 458 877 515 tonaturus
894 457 1042 511 wrcatr.
1226 437 1358 529 [canu.

156 624 364 725 2.ng
374 615 499 680 cionem
532 619 714 698 secularem,
736 629 839 681 stante
860 614 916 678 illo
938 614 1058 697 ordine,
1081 635 1139 679 nec
1161 613 1248 678 licuit
1274 616 1358 678 clero
1373 632 1432 689 155⁸
1453 635 1468 689 1

164 730 356 789 nuettbsea·
372 718 461 783 illam
492 721 642 805 accipere,
665 733 752 805 patet
782 720 872 804 quod
895 739 991 800 error,
1014 719 1040 782 si
1063 740 1101 783 ex
1123 719 1304 803 ignorancia
1326 719 1359 783 iu

171 781 348 943 sliaswig
371 821 451 887 illud
483 824 678 909 processerit,
710 823 805 888 debet
835 822 996 908 utrimque
1028 823 1168 887 celeriter
1189 823 1359 890 emendari.

372 919 463 993 Patet
493 928 594 1014 prima
625 949 697 1015 pars
728 948 766 992 ex
789 928 852 991 hoc
876 928 964 1012 quod
987 948 1052 991 non
1075 927 1148 991 licet
1174 926 1359 991 deteriorare

373 1031 565 1116 proximum,
585 1032 758 1096 auferendo
780 1032 820 1094 ab
837 1052 880 1114 eo
891 1031 1091 1116 privilegium
1114 1053 1132 1095 a
1155 1032 1224 1096 Deo
1238 1034 1385 1114 datum,5

372 1136 413 1198 ad
444 1136 672 1221 perficiendum
703 1135 734 1199 in
767 1135 832 1200 suis
863 1135 1018 1199 limitibus
1049 1135 1206 1222 precipuis
1233 1151 1381 1208 tantuma

373 1252 500 1323 matum,
516 1240 571 1304 sed
586 1240 760 1304 necessario
783 1239 865 1304 loret
885 1240 1102 1322 deterioracio,
1123 1241 1198 1327 quia
1219 1241 1359 1305 deiectio

265 1364 272 1371 ·
373 1358 473 1409 status
504 1343 576 1410 cleri
609 1346 648 1408 ad
679 1345 796 1431 laycos,
820 1345 934 1408 habere
965 1344 1222 1410 dominacionem
1248 1346 1358 1411 huius·

373 1449 471 1513 modi.
509 1450 585 1514 ideo
623 1470 688 1512 non
725 1448 817 1514 licuit
853 1449 984 1514 seculari
1022 1451 1085 1515 hoc
1122 1451 1229 1515 lacere.
1267 1452 1388 1524 Unde2

372 1553 468 1617 tercio
501 1554 714 1634 decretalium,
748 1555 818 1619 Nec
847 1555 960 1619 clerici
994 1554 1047 1619 vel
1076 1557 1235 1635 monaclri,
1272 1556 1358 1639 capi·
1373 1589 1402 1626 ro

371 1657 442 1720 tulo
464 1657 625 1741 Relatum,
656 1658 788 1744 precipit
811 1680 893 1745 papa
923 1661 1012 1745 quod
1046 1662 1193 1726 rnorraclri
1218 1661 1360 1725 incorri-

370 1760 488 1846 gibiles
527 1762 662 1828 vivendo
697 1763 892 1828 seculariter
928 1766 1011 1828 alios
1047 1777 1292 1848 corrumpentes
1314 1768 1360 1831 ei·

372 1868 504 1931 clautur
518 1869 595 1931 aliis
608 1869 763 1954 religiose
781 1870 958 1933 viventibus
977 1870 1178 1952 introductis,
1201 1871 1254 1935 ubi
1279 1885 1360 1934 tam·

372 1992 469 2056 quam
501 1992 558 2057 per
588 1995 622 2036 sc
652 1972 858 2037 manifestum
889 1975 1083 2058 supponitur
1104 1977 1191 2060 quod
1215 1975 1361 2039 secularis

373 2076 574 2141 conversacio
604 2077 644 2141 sit
675 2077 806 2141 clericali
838 2077 981 2160 inleri0r;
1014 2100 1071 2142 nec
1103 2079 1237 2144 dubium
1280 2081 1402 2166 quinis

374 2195 529 2267 repugnat
547 2182 641 2245 statui
657 2197 688 2246 et
703 2181 893 2266 perleccioni
917 2183 989 2247 cleri
1012 2185 1100 2268 quod
1122 2184 1166 2247 sic
1189 2207 1245 2269 per
1266 2168 1361 2251 allec·

372 2288 498 2351 cionem
520 2302 552 2351 et
566 2287 817 2370 occupationem
832 2288 1057 2372 temporalium
1072 2289 1272 2372 degradetur;
1287 2291 1360 2354 idco

372 2407 502 2476 propter
524 2392 773 2477 repugnancium
803 2413 868 2455 non
892 2406 998 2475 potest
1014 2392 1095 2459 ,fieri
1128 2393 1199 2457 talis
1223 2396 1360 2485 *dotacio

373 2512 476 2563 stante
498 2497 618 2560 ordine.
643 2498 716 2561 Non
740 2496 827 2559 enim
851 2511 899 2561 cst
921 2497 1121 2581 privilegium
1144 2499 1293 2583 peiorare.

157 2619 365 2676 asseramur
417 2603 457 2666 Et
488 2623 525 2665 ex
548 2603 661 2664 codem
686 2617 772 2685 patet
795 2604 884 2686 quod
908 2624 973 2665 non
996 2604 1068 2666 licet
1091 2603 1175 2669 clero
1198 2626 1216 2667 a
1239 2604 1391 2689 perlecti
1422 2619 1452 2671 K

157 2673 465 2774 dimili-etone
487 2707 646 2791 primitiva
668 2707 811 2786 deficere,
834 2708 915 2771 sicut
938 2729 1003 2771 non
1027 2708 1098 2772 licet
1113 2710 1193 2774 laico
1210 2733 1361 2794 sponsam

159 2778 491 2888 ”iniJiif‘g’iri‘Christi
524 2813 570 2877 sic
602 2812 735 2876 inficere.
769 2813 800 2877 Si
825 2814 909 2876 enim
934 2834 999 2877 non
1032 2814 1104 2905 licet
1134 2815 1215 2879 laico
1242 2816 1361 2879 auferre

228 2882 299 2928 m
374 2938 447 2982 suas
478 2918 668 2981 elemosinas
700 2939 761 3002 que
794 2933 869 2981 sunt
897 2919 982 2981 bona
1004 2919 1224 3000 abiectissima,
1259 2921 1363 2984 multo
1446 2992 1453 3005 ⁸

375 3023 481 3085 minus
504 3023 609 3085 liceret
632 3021 752 3085 auferre
775 3022 964 3085 elemosinas
987 3044 1005 3085 a
1028 3024 1097 3088 Deo
1120 3024 1277 3088 institutas
1300 3044 1362 3109 que

375 3142 449 3192 sunt
471 3128 556 3189 bona
579 3141 611 3190 et
633 3127 795 3209 privilegia
812 3126 870 3189 Dei
895 3127 1069 3209 potissima.
1094 3130 1270 3205 Quomodo
1286 3146 1404 3214 ergors

374 3232 480 3295 liceret
502 3232 632 3294 seculari
656 3231 896 3295 ordinacionem
926 3232 984 3295 Dei
1015 3231 1185 3307 inficiendo
1212 3235 1363 3318 corrigere

374 3337 423 3399 cui
458 3357 521 3398 non
549 3336 621 3398 licet
648 3335 961 3419 iuxta*lalsigtalos
993 3358 1082 3399 suam
1112 3340 1237 3421 culpam
1265 3354 1435 3424 quamrsi·

374 3440 536 3504 commisit
573 3456 610 3503 ex
648 3441 828 3525 ignorancia
866 3436 1052 3504 emendare?
1090 3443 1254 3526 Numquid
1297 3456 1363 3505 tam

376 3545 515 3608 affectata
540 3545 721 3628 ignorancia
753 3561 880 3609 excusat
914 3547 1081 3610 dominum
1107 3543 1295 3610 secularem?
1329 3547 1362 3611 Si
1398 3574 1401 3579 ·
1497 3534 1504 3546 ’

375 3649 460 3712 enim
498 3650 646 3715 secularis
678 3651 728 3713 cui
761 3651 868 3715 minus
900 3667 1055 3734 repugnat
1087 3653 1288 3717 mundialitas
1326 3673 1362 3715 ex
1376 3671 1407 3723 30

375 3755 427 3817 tali
463 3754 672 3817 inclinacione
708 3756 748 3818 ad
785 3756 939 3838 seculum,
980 3777 1044 3819 non
1087 3759 1232 3821 obstante
1275 3758 1363 3843 quod

378 3874 467 3942 putat
500 3859 532 3920 in
566 3859 627 3921 hoc
659 3873 797 3942 prestare
831 3860 900 3921 Deo
932 3860 1133 3943 obsequium,
1161 3862 1262 3925 reddit
1288 3883 1363 3926 eum

418 4092 440 4124 a.
454 4081 474 4125 Α
488 4080 512 4125 ln
527 4092 614 4136 marga
635 4079 775 4126 Conclusio.
874 4081 896 4127 ⁶.
918 4081 948 4126 ll:
962 4082 986 4126 ln
1000 4081 1050 4125 sals
1063 4060 1191 4127 rnllltllsus.¹
1277 4082 1312 4128 2⁶.
1328 4085 1362 4128 Aa

377 4149 531 4195 ordlaaclost.

432 4307 469 4343 ro.
488 4293 565 4345 nece.
583 4295 663 4362 Greg.
689 4296 733 4353 lx.
751 4297 788 4346 lit.
814 4296 856 4359 lll,
874 4293 912 4347 tic.
936 4297 967 4359 L,
989 4311 1046 4363 cap.
1066 4296 1121 4348 Vll.
1140 4295 1246 4347 mutatis
1263 4295 1365 4364 aliquot

379 4377 474 4431 verbis.
1037 4401 1049 4429 ο
1153 4425 1157 4433 .
