3262 5226
670 402 838 460 sommas
854 402 1002 457 wretrr.
1197 379 1356 472 [canan.

378 562 554 648 specialiter
581 560 609 627 si
640 581 809 647 peccamus
842 559 976 624 subdole
1008 557 1212 645 pretermisso
1244 555 1469 625 ordinum-s

377 667 589 751 correptionis
611 664 789 749 evangelice
810 662 998 729 inconsultis
1019 660 1188 748 episcopis,
1221 674 1257 725 ut
1278 672 1357 744 aput

379 770 602 836 nominetenus
637 789 755 855 papam
791 782 823 834 et
858 767 1041 849 cardinales,
1086 765 1231 830 inimicos
1268 763 1355 847 regni

379 874 478 940 nostri
500 874 680 960 precipuos,
701 874 784 959 leges
806 872 892 958 regni
915 870 1013 936 nostri
1040 883 1072 935 et
1097 870 1246 954 regaliam
1277 867 1356 952 regis

379 992 543 1064 tamquam
564 977 734 1043 hereticam
755 978 1037 1061 condempnemus.
1075 974 1135 1039 lstc
1166 973 1251 1038 enim
1272 973 1382 1042 vide-5

380 1097 465 1147 retur
478 1096 683 1168 contemptus
706 1080 854 1147 notabilis
869 1078 1025 1145 indiscreti
1041 1077 1181 1143 doctoris
1196 1097 1271 1141 cum
1292 1075 1357 1138 suis

379 1186 599 1271 complicibus.

138 1276 142 1281 ’
197 1304 236 1351 os
327 1318 335 1349 ι
422 1288 547 1356 Octavo
569 1304 602 1356 et
631 1290 748 1356 ultimo
769 1289 910 1376 arguitur
935 1308 991 1374 per
1020 1287 1084 1352 hoc
1114 1287 1205 1372 quod
1231 1285 1392 1356 cuilibeta·

164 1356 187 1402 8.
200 1359 220 1403 tt
270 1356 371 1414 sondro

197 1408 363 1518 apg-mppr·
379 1394 514 1459 domino
545 1395 710 1481 temporali
743 1415 808 1458 non
831 1394 938 1458 solum
959 1408 1007 1459 est
1032 1391 1155 1457 licitum
1178 1393 1233 1455 sed
1264 1391 1356 1456 meri·

97 1528 102 1537 ·
182 1514 299 1567 νημαι
312 1514 352 1560 na
379 1498 500 1565 torium
526 1519 630 1564 emero
651 1498 858 1563 hereditatem
879 1512 910 1564 et
939 1499 1025 1561 bona
1047 1512 1154 1561 eterna
1174 1518 1234 1581 pro
1264 1496 1357 1559 bonis
1370 1527 1402 1564 to

97 1606 137 1687 θ’,
163 1577 227 1665 εὖ*
217 1565 327 1716 322¹:
327 1577 369 1663 ‘ri-
378 1602 617 1688 temporalibus,
648 1584 679 1669 et
709 1624 783 1669 cnm
816 1602 918 1666 maius
949 1603 1071 1667 bonum
1105 1601 1279 1686 temporale
1318 1600 1359 1664 sit

145 1712 149 1721 '
304 1701 312 1714 ”
380 1707 506 1791 dignius
528 1707 630 1772 maius
651 1708 740 1772 bono
762 1706 925 1792 spirituali,
946 1706 1089 1791 sequitur
1109 1707 1199 1791 quod
1222 1704 1359 1789 amplius

210 1812 230 1839 '·
301 1866 305 1873 .
381 1825 412 1876 et
433 1811 557 1876 diucius
579 1812 694 1876 dotans
715 1810 878 1877 ecclesiam
909 1810 1062 1876 intensius
1094 1824 1232 1875 meretur
1260 1808 1358 1872 beati-

283 1900 286 1907 ’
354 1902 551 2005 tudinem(

175 2016 325 2082 ”Assem
424 2020 477 2084 Ad
499 2018 584 2085 istud
606 2036 832 2106 argumentum
853 2020 916 2084 dixi
938 2020 1083 2108 superius
1106 2021 1197 2106 quod
1229 2019 1360 2105 quilibet
1374 2033 1403 2086 15

164 2086 469 2189 sil-‘tl‘lffl'adives
491 2125 587 2190 seculi
610 2140 734 2191 tenetur
755 2127 815 2190 sub
837 2147 918 2211 pens
940 2126 1059 2211 peccati
1082 2125 1225 2191 mortalis
1257 2145 1360 2188 cnaere

164 2193 691 2294 amministrationem
713 2251 769 2316 per
790 2251 862 2294 suas
884 2229 1022 2315 divicias,
1045 2252 1112 2294 non
1128 2231 1217 2315 quod
1233 2229 1361 2294 cuilibet

235 2308 303 2352 Μ
382 2332 591 2400 beatificando
612 2335 654 2401 sit
674 2335 816 2421 precium
838 2335 916 2399 illud
943 2335 1154 2400 necessarium
1185 2336 1240 2399 sed
1270 2334 1360 2418 quod

381 2438 500 2504 habens
523 2455 678 2504 terrenam
700 2454 889 2525 potestatem
911 2454 1006 2525 atque
1028 2440 1156 2504 divicias
1182 2454 1289 2504 utatur
1314 2439 1360 2503 eis

380 2544 421 2606 ad
443 2543 612 2609 utilitatem
633 2544 771 2627 ecclesie,
793 2559 824 2609 et
845 2543 887 2609 sic
910 2544 1050 2629 episcopi
1073 2560 1105 2609 et
1126 2543 1261 2629 religiosi
1284 2566 1358 2627 pos·
1371 2573 1405 2611 ao

381 2647 547 2713 sessionati
570 2656 717 2714 tenentur
738 2649 885 2734 precipue
906 2670 1010 2713 emere
1040 2649 1100 2714 sibi
1133 2648 1361 2713 beatitudinem

382 2772 438 2836 per
464 2752 736 2837 dispensationem
772 2755 959 2838 prudentem
996 2752 1242 2818 elemosinarum
1283 2754 1360 2815 dan·

381 2858 494 2921 darum
510 2857 712 2942 pauperibus.
728 2859 976 2942 verumptamen
993 2879 1059 2920 non
1076 2872 1206 2942 oportet
1220 2870 1255 2921 ut
1266 2858 1361 2920 altera

182 2971 355 3017 surianam
382 2982 452 3044 pars
475 2962 601 3026 ecclesie
625 2964 738 3026 vendat
758 2962 809 3025 vel
831 2976 914 3026 emat
945 2983 1078 3046 regnum
1111 2963 1190 3025 illud
1222 2961 1360 3036 civiliter,

167 3029 373 3134 efficiabili,
382 3086 438 3129 nec
461 3068 549 3150 qnod
573 3067 724 3131 dominus
745 3067 891 3131 secularis
913 3070 966 3131 det
988 3066 1247 3131 dominacionem
1271 3088 1361 3129 suam
1374 3077 1406 3131 25

168 3127 374 3255 hudeiir‘iyim:
383 3169 512 3251 clericis,
527 3173 582 3234 sed
597 3173 685 3257 quod
702 3188 807 3237 caveat
829 3188 864 3236 ut
886 3171 977 3235 iaciat
993 3171 1201 3235 elemosinam
1216 3192 1307 3235 suam
1328 3171 1361 3234 in

364 3256 369 3266 ¹
383 3274 570 3339 abscondito
591 3297 665 3341 cum
682 3277 857 3341 nesciencia
874 3296 991 3340 monus
1008 3277 1139 3341 sinistre
1161 3275 1238 3361 quid
1251 3276 1362 3360 saciat

383 3376 530 3457 dextera,
562 3399 627 3444 non
657 3374 913 3465 dampnificando
945 3382 1129 3466 proximum
1160 3381 1267 3443 dando
1303 3382 1362 3445 sibi

384 3482 586 3548 occasionem
604 3484 799 3570 relinquendi
816 3485 1046 3570 perfeccionem
1069 3506 1160 3548 suam
1176 3484 1362 3569 primevam,

384 3607 441 3650 nee
468 3602 504 3651 ut
535 3610 690 3654 onerosus
713 3590 812 3653 lactus
839 3588 970 3654 subditis
1002 3590 1117 3653 iniuste
1150 3589 1287 3652 detineat
1317 3590 1362 3652 eis
1374 3602 1408 3655 30

385 3691 536 3774 debitum,
559 3713 623 3778 que
644 3693 752 3757 omnia
775 3692 856 3759 fiunt
877 3694 973 3758 hodie
1000 3693 1166 3757 occasione
1189 3692 1364 3756 dotacionis

383 3809 543 3880 perpetue.
565 3798 648 3863 Nam
670 3798 782 3862 exhinc
804 3799 913 3884 prelati
935 3799 1083 3862 dicuntur
1109 3796 1292 3884 sompniseri
1316 3798 1365 3860 vel

384 3898 495 3983 ignari,
505 3896 636 3967 subditis
651 3902 683 3965 in
700 3902 800 3988 cquis,
816 3903 931 3967 familia
947 3918 978 3967 et
993 3901 1213 3967 exactionibus
1228 3902 1362 3966 onerosi.

386 4004 479 4066 Unde
501 4025 567 4069 non
590 4022 637 4071 est
658 4008 852 4072 credendum
873 4009 961 4092 quod
974 4020 1062 4071 ¹cesar
1081 3990 1366 4091 proporcionaliter

384 4108 424 4168 sd
447 4108 655 4191 quantitatem
678 4110 836 4175 bonorum
859 4132 922 4197 que
944 4111 1063 4199 dicitur¹
1091 4111 1214 4175 dedisse
1237 4110 1365 4175 ecclesie
1375 4125 1408 4180 3⁵

425 4328 446 4371 t.
462 4331 483 4374 Α
497 4329 521 4375 ln
535 4343 622 4389 marga
636 4332 725 4378 Octava
740 4335 809 4379 rseio.
888 4331 917 4379 sb.
931 4334 954 4378 Δ
968 4324 1089 4397 ismarus
1103 4332 1241 4392 Responsio.
1256 4332 1365 4381 Detecto.
