3262 5226
700 592 870 647 tonsuras
887 592 1037 647 wrcen.
1185 568 1361 662 [centvm.

369 750 477 813 solum
511 751 567 813 ille
597 761 647 815 est
670 750 819 834 proditor
848 751 992 814 veritatis
1029 748 1085 833 qui
1116 746 1360 831 transgrediens
1375 759 1474 814 res-tt

369 855 534 918 veritatem
543 855 658 938 palam
669 875 734 938 pro
749 856 881 919 veritate
896 855 1040 938 loquitur
1064 851 1275 925 mendacium,
1299 849 1357 913 sed

371 958 471 1020 eciam
494 958 550 1020 ille
571 958 627 1043 qni
650 978 713 1020 non
737 958 835 1022 libere
851 958 1051 1041 pronunciat
1072 957 1235 1020 ueritatem
1259 974 1358 1038 quarn

372 1061 471 1125 tibere
481 1062 706 1145 pronunciare
720 1071 844 1146 oportet
857 1072 916 1124 out
930 1063 987 1145 qui
1002 1080 1064 1123 non
1083 1061 1181 1124 libere
1195 1059 1359 1121 veritatem

371 1164 513 1249 defendit
534 1186 631 1249 quom
656 1166 754 1229 libere
775 1164 947 1250 defendere
969 1166 1124 1241 convenit,
1142 1162 1292 1247 proditor
1313 1170 1385 1229 ests

370 1270 523 1334 veritatis.
547 1270 632 1333 Narn
654 1271 738 1334 sicut
751 1269 903 1334 sacerdos
919 1270 1043 1333 debitor
1064 1279 1121 1342 est,
1145 1278 1180 1330 nt
1195 1267 1358 1331 ueritatem

368 1394 468 1458 quom
502 1374 625 1438 audiuit
645 1396 665 1438 a
689 1375 759 1439 Deo
776 1374 930 1459 predicet,
960 1373 1134 1437 siclericus
1158 1372 1280 1435 debitor
1300 1380 1359 1446 est,

372 1489 407 1540 nt
428 1478 593 1541 veritatem
621 1499 718 1564 quom
744 1478 866 1542 audivit
894 1499 915 1541 o
947 1477 1167 1541 sacerdotibus
1185 1476 1358 1560 probatum

370 1580 496 1666 quidem
525 1583 557 1646 in
583 1583 754 1667 seripturis
769 1573 973 1669 fiducialiter
1003 1581 1165 1666 desendet.
1205 1579 1300 1657 Quod
1329 1580 1360 1642 si

372 1705 435 1749 reon
456 1685 589 1770 secerit,
611 1687 757 1771 prodidit
777 1688 952 1751 veritatem.
992 1688 1039 1750 Ex
1071 1685 1137 1749 istis
1165 1685 1256 1748 dictis
1283 1704 1357 1746 cum
1372 1713 1402 1750 ιο

371 1792 544 1874 explanatis
578 1794 651 1857 olibi
683 1809 714 1858 et
741 1808 824 1875 statu
865 1793 993 1857 ecclesie
1025 1806 1112 1876 patet
1143 1791 1232 1875 quod
1265 1788 1381 1854 nimist

372 1896 463 1960 multi
496 1912 572 1962 suot
602 1898 708 1962 vicarii
740 1897 923 1978 Scariothis,
962 1917 1029 1960 non
1065 1898 1174 1959 solum
1208 1893 1263 1979 qui
1298 1914 1357 1977 pro

371 2000 502 2065 ecclesia
524 2001 574 2065 vel
602 2001 685 2066 iuma
713 2002 914 2094 impugnant,
946 2000 1155 2085 sophisticam
1181 1999 1232 2062 vel
1254 2011 1359 2062 tacent

371 2105 586 2189 evangelicam
599 2106 773 2189 veritatem,
789 2128 846 2171 nec
863 2108 971 2171 solum
985 2105 1040 2192 qui
1052 2118 1215 2189 portantes
1230 2103 1355 2167 loculos
1424 2134 1428 2139 ·

372 2206 486 2273 furtive
520 2224 556 2274 ut
582 2210 724 2275 Scariotb
760 2211 876 2296 ineque
908 2210 1092 2295 purciuotur
1124 2208 1387 2293 patrimonium

371 2311 519 2377 Crucifixi
555 2334 629 2378 cum
661 2313 805 2379 iratribus
837 2316 923 2379 bona
961 2335 1141 2399 pauperum
1164 2311 1357 2377 dominative

371 2415 404 2478 in
437 2418 598 2503 uxoribus,
630 2419 663 2482 in
695 2419 779 2501 liliis,
807 2421 838 2483 in
861 2441 983 2504 pompa
1006 2419 1104 2483 seculi
1127 2417 1358 2496 consumendo,

371 2521 428 2584 sed
451 2523 547 2586 tercio
570 2524 625 2608 qui
650 2538 779 2609 propter
809 2509 962 2589 desidiam
992 2539 1048 2588 out
1075 2524 1224 2588 timorem
1248 2521 1389 2586 mortisu

372 2646 431 2708 pro
455 2626 529 2691 loco
551 2643 583 2691 et
606 2643 750 2713 tempore
772 2629 921 2715 congruis
944 2629 1182 2693 obmutescunt.

164 2758 209 2804 w,
224 2771 256 2803 ou
273 2759 298 2804 1„
311 2766 352 2803 no«
414 2730 482 2793 Nec
513 2732 597 2795 valet
627 2731 718 2796 ficcio
758 2754 822 2817 qun
855 2733 992 2796 dicimus
1024 2731 1171 2795 inimicos
1204 2728 1396 2812 evangeliin

154 2810 572 2918 'leis‘lil'llaflsemsperatos
605 2856 672 2899 esse
695 2857 732 2900 ex
763 2837 900 2901 veritatis
933 2836 1086 2921 preconio
1114 2835 1216 2920 magis
1238 2855 1359 2918 segnes,

172 2917 345 3012 ifnlelheorllli'
372 2938 447 3021 quia
471 2939 556 3002 iuxta
580 2942 665 3004 hunc
690 2940 798 3004 lucum
818 2958 913 3024 caput
934 2942 1102 3005 martirum
1123 2955 1155 3004 et
1176 2939 1225 3003 sui
1246 2939 1360 3002 milites

211 3022 304 3076 μ’μ’·
374 3063 538 3127 nunquam
558 3045 602 3107 sic
617 3066 676 3127 pto
692 3046 910 3129 publicatione
930 3046 1069 3109 veritatis
1093 3035 1194 3129 usque
1217 3044 1256 3105 ad
1277 3064 1360 3105 mor·

372 3161 434 3208 tem
454 3148 612 3211 meritorie
627 3148 646 3186 *
660 3150 861 3213 decertarent.
878 3151 939 3213 Sed
956 3151 1028 3212 uudi
1041 3148 1257 3232 Augustinum
1267 3168 1362 3230 supet
1375 3159 1434 3213 188⁸

370 3251 522 3313 lobannis
551 3252 677 3316 Omclia
706 3255 821 3318 XXVII
848 3269 1062 3338 exponentem
1094 3252 1171 3315 illud
1210 3252 1402 3318 Johannis25

373 3355 440 3435 vn,
458 3372 494 3439 7:
512 3356 565 3419 Ex
581 3359 639 3421 boc
654 3361 747 3422 ntnlti
762 3359 992 3443 discipulorum
1010 3360 1078 3422 eius
1094 3358 1242 3420 obierunt
1262 3367 1360 3433 retro,

371 3457 544 3524 dicentem:
579 3463 652 3524 Hoc
677 3462 808 3546 soctrrm
844 3462 888 3525 ad
925 3473 1068 3525 nostram
1107 3462 1359 3523 consolacionem

371 3566 522 3646 quonium
555 3567 728 3650 aliqnando
756 3568 912 3650 contingit
935 3577 970 3629 nt
992 3567 1076 3629 dieat
1098 3566 1171 3649 quis
1192 3586 1302 3628 verunt
1331 3575 1361 3627 et

371 3667 458 3750 quod
493 3668 567 3732 dicit
603 3691 665 3733 non
702 3673 860 3755 capiatur,
892 3671 950 3734 sed
983 3669 1068 3754 qnod
1100 3669 1361 3753 scandalizentur

371 3773 427 3854 qni
448 3773 585 3835 andiunt
608 3786 638 3837 et
652 3775 823 3838 discedant.
850 3776 969 3837 Ponitet
984 3776 1067 3837 enirn
1084 3775 1241 3837 hominem
1258 3794 1360 3857 qrron·
1371 3791 1404 3842 30
1515 3788 1524 3805 ·

371 3874 474 3959 doque
489 3876 610 3941 dixisse
621 3879 706 3962 quod
720 3900 829 3941 nerum
846 3890 910 3956 est,·
924 3879 1000 3941 dicit
1015 3879 1098 3941 enirn
1114 3879 1361 3962 oputseipsnrn:

411 4113 433 4159 8.
449 4096 479 4158 ΒΞ
495 4115 617 4171 probatam
632 4117 696 4174 quid.
802 4130 834 4175 ¹7·
849 4118 879 4161 B:
895 4129 983 4174 pompe
996 4116 1076 4162 simill.
1169 4128 1206 4161 to.
1222 4118 1256 4162 Aa
1270 4116 1360 4168 dicius:

372 4184 397 4228 la
413 4196 489 4240 marg.
504 4193 651 4230 correctum:
665 4186 775 4232 dicimus.
790 4185 834 4232 llic
849 4187 948 4232 verbum
963 4186 1079 4230 excidisse
1088 4185 1188 4231 videtur.
1260 4184 1293 4230 2⁵.
1305 4187 1327 4229 Α
1337 4187 1361 4229 lu

372 4265 462 4308 maten
477 4253 536 4298 Nota
551 4256 712 4310 Augustinum
727 4256 794 4300 beoe.
900 4255 934 4301 25.
948 4253 1041 4300 codes
1055 4265 1184 4313 exponens.

417 4413 458 4464 25.
478 4414 544 4481 Aug.
564 4413 592 4465 in
604 4413 662 4465 lob.
676 4415 775 4483 Ιίνιιις.
794 4425 868 4467 tract.
887 4414 989 4466 xxvtt.
1009 4415 1077 4483 Opp.
1098 4424 1163 4464 tom.
1183 4413 1225 4479 lll,
1244 4428 1312 4482 pars.
1331 4414 1361 4474 tt.

372 4514 433 4568 pag.
453 4500 513 4554 sos.
