3262 5226
710 372 882 431 sottum-t
897 372 1048 429 wicun
1220 348 1371 453 [crass.

376 532 421 597 ab
441 552 482 601 eo
503 544 609 599 autern
631 532 690 619 qui
711 550 777 597 non
799 528 896 597 hahet
916 540 948 597 et
973 529 1063 617 quod
1087 528 1218 596 ridetur
1248 525 1483 613 intersunt

378 636 558 727 asseretur
577 638 620 703 ah
642 656 692 705 eo.
715 634 803 702 Cum
824 654 902 720 ergo
922 654 976 701 res
989 648 1115 701 tendor
1129 634 1173 699 sic
1188 633 1371 699 habundare

379 763 419 809 cx
438 743 535 811 tituio
555 741 691 827 iusticie,
717 740 843 807 videtur
873 740 962 827 quod
992 739 1033 803 ab
1063 748 1115 804 eo'
1133 739 1229 803 debet
1249 736 1370 803 causati

164 856 230 907 nt·
241 856 365 905 meh-r·
379 846 504 913 ablasio
518 844 568 912 sui
582 842 807 927 elemosinarii,
826 842 995 930 supposito
1010 844 1099 930 quod
1118 841 1281 927 contingat
1294 861 1371 906 eum

156 908 372 1023 ''iniistis''
383 950 484 1017 videri
505 950 621 1017 habere
642 948 833 1016 elemosinas
854 969 936 1036 quas
957 969 1024 1013 non
1045 948 1156 1032 babet;
1189 960 1221 1012 et
1241 958 1396 1033 propters

231 1014 300 1073 m
378 1056 476 1121 talem
507 1055 646 1123 abusum
661 1052 874 1143 ¹habitualem
904 1052 968 1118 dixi
1000 1053 1150 1117 dominos
1180 1050 1373 1136 temporales

377 1178 474 1245 posse
496 1158 618 1225 auferre
639 1158 727 1223 bona
741 1178 800 1223 sua
812 1178 832 1223 a
845 1156 965 1223 clericis
979 1155 1093 1223 misius
1107 1177 1205 1243 quam
1229 1153 1373 1240 loquitur

376 1262 491 1329 heatus
512 1261 686 1347 Gregorius
707 1280 784 1327 curu
806 1280 941 1344 maone,
968 1260 1044 1348 quia
1074 1260 1135 1347 ipsi
1162 1258 1273 1325 dicunt
1293 1278 1371 1325 con·

327 1440 330 1445 .
378 1364 449 1432 fuse
469 1367 561 1453 quod
580 1364 783 1454 privilegium
801 1365 939 1433 omnino
958 1366 1052 1431 dehet
1074 1364 1218 1430 amittere
1241 1376 1372 1449 propter

377 1470 527 1538 abusum.
543 1470 615 1555 Ego
632 1484 743 1536 autem
764 1468 914 1557 specifico
944 1469 1080 1535 abusum
1101 1468 1292 1554 pertinacem
1314 1467 1369 1554 qui
1382 1494 1415 1535 ιο
1511 1461 1514 1465 ’

376 1572 501 1639 inducit
534 1572 721 1659 pravitatem
747 1572 928 1656 hereticam,
958 1584 991 1639 et
1018 1585 1096 1638 tttnc
1124 1573 1203 1638 nulli
1234 1571 1369 1637 dubium

377 1678 472 1742 debet
494 1677 721 1744 elemosinator
747 1677 929 1745 subtrahere
954 1677 1183 1764 patrimonium
1209 1674 1371 1743 crucifixi.

159 1764 290 1893 Ἓξ,
301 1803 373 1891 ὢν
425 1782 576 1848 &cundo
597 1781 805 1849 confirmatur
826 1804 865 1848 ex
885 1782 949 1849 hoc
970 1783 1059 1870 quod
1082 1803 1135 1847 rex
1151 1781 1401 1871 (inquantum

172 1896 202 1945 ΙΙ
247 1898 312 1943 tosa·
325 1894 365 1942 bh
381 1884 584 1975 huiusmodi)
615 1887 710 1953 habet
741 1885 943 1974 privilegium
974 1907 1162 1953 concessum
1191 1909 1210 1952 a
1241 1886 1310 1951 Deo
1339 1899 1372 1951 et

160 1908 552 2101 &wammam
574 2012 594 2055 a
615 1991 743 2077 populo
764 1993 806 2057 ad
826 1992 1042 2079 regnandum
1073 1992 1100 2057 si
1132 2011 1209 2077 ergo
1231 1990 1415 2060 abutiturrs

230 2052 439 2161 ωικῦιιἷῙιιια
469 2108 627 2181 potestate
660 2094 694 2159 in
726 2095 846 2163 desidia
874 2095 1094 2177 correctionis,
1133 2116 1198 2182 que
1234 2094 1391 2160 maxime

379 2213 538 2287 spectaret
558 2200 599 2266 ad
620 2199 705 2286 regis
727 2199 884 2285 officium,
905 2200 978 2287 quis
999 2199 1124 2265 dubitat
1148 2199 1228 2285 quin
1257 2220 1370 2265 secun·

379 2306 461 2370 dum
482 2305 587 2391 legem
608 2304 798 2392 premissam
819 2326 874 2371 rex
888 2318 1047 2370 teneretur
1068 2301 1214 2369 amittere
1237 2323 1371 2390 regnum

378 2404 496 2475 suum?
519 2408 612 2475 Unde
642 2409 726 2474 inter
751 2408 812 2474 alia
842 2421 973 2496 peccata
993 2429 1106 2495 regum
1129 2408 1252 2474 videtur
1280 2409 1368 2496 quod

379 2513 514 2579 omissio
545 2506 755 2578 correccionis
785 2525 818 2579 et
847 2512 1059 2579 auctorizatio
1092 2514 1191 2579 curati
1222 2513 1370 2577 inhabilis
1380 2540 1415 2579 ao

379 2617 420 2682 sit
441 2630 608 2704 peccatum
629 2616 937 2703 periculosissimum
959 2618 1119 2704 aregibus
1136 2618 1370 2701 absconditum,

380 2741 455 2786 cum
477 2736 514 2786 ut
530 2720 693 2787 sic*sunt
714 2742 804 2807 reges
826 2722 903 2789 socii
926 2722 1141 2788 defensorum.
1167 2723 1208 2787 Et
1230 2723 1270 2786 ad
1292 2722 1445 2803 illudryo‘

379 2839 486 2917 potest
507 2825 622 2891 adduci
644 2825 724 2891 iliud
752 2826 874 2891 dictum
896 2825 1015 2892 Christi
1037 2825 1167 2893 Matthei
1190 2827 1290 2908 XXi⁰‚
1312 2832 1372 2913 432

350 2938 354 2943 ’
379 2929 562 3016 Auferetur
584 2951 605 2993 a
629 2930 721 2996 vobis
745 2951 886 3016 regnum
911 2942 942 2996 et
964 2931 1098 2996 dabitur
1118 2934 1212 3018 genti
1225 2934 1374 3021 facienti

368 3032 511 3119 fructus
533 3036 615 3100 eius.
639 3037 714 3099 Non
737 3035 824 3100 enim
840 3050 947 3122 posset
962 3057 1030 3101 csse
1049 3036 1153 3101 maior
1167 3054 1372 3125 contemptus
1383 3045 1414 3098 2⁵

380 3137 504 3202 domini
525 3158 625 3223 quam
648 3141 688 3203 de
711 3161 772 3204 suo
788 3140 989 3225 'patrimonio
1005 3155 1115 3205 contra
1134 3142 1242 3228 ipsum
1264 3143 1371 3208 deien-

379 3241 453 3305 dere
475 3240 602 3306 hostem
625 3263 733 3309 suurn.
775 3245 817 3309 Et
848 3244 888 3308 ad
920 3244 982 3309 hoc
1012 3259 1088 3311 sunt
1110 3247 1210 3312 muite
1238 3269 1370 3312 concor·
1464 3287 1466 3290 -

379 3344 492 3409 dancie
513 3346 622 3431 legum
638 3344 689 3433 (ut
711 3347 774 3412 dixi
798 3349 830 3412 in
854 3350 984 3413 materia
1008 3351 1055 3413 De
1070 3350 1255 3439 Symonia);
1270 3353 1374 3418 taliter

380 3450 468 3514 enim
491 3465 629 3516 meretur
651 3466 716 3517 tam
744 3472 798 3517 rex
825 3474 924 3539 quarn
954 3454 1158 3540 symoniacus
1190 3471 1227 3522 ut
1257 3458 1296 3521 ab
1328 3458 1372 3522 eis

380 3569 549 3642 tamquam
571 3556 611 3620 ab
634 3556 779 3621 hereticis
802 3558 954 3622 dominus
981 3557 1150 3643 auferatur,
1174 3575 1210 3625 ut
1231 3561 1418 3648 loquiturto

303 3659 310 3670 '
380 3659 538 3745 propheta
550 3660 700 3746 OseeV⁰,
712 3661 744 3746 6,
759 3662 974 3726 sacerdotibus
990 3676 1022 3727 et
1036 3663 1176 3747 regibus:
1186 3663 1226 3729 In
1243 3685 1372 3732 armen·

381 3765 422 3828 tis
452 3765 523 3828 suis
552 3763 670 3830 vadent
706 3764 751 3828 ad
788 3765 991 3850 querendum
1032 3766 1199 3831 dominum
1240 3779 1272 3833 et
1307 3790 1372 3834 non

384 3869 567 3933 invenient:
598 3869 732 3954 adiutus
764 3880 813 3934 est
843 3870 884 3934 ab
916 3870 973 3935 eis.
1018 3870 1107 3935 Talis
1138 3892 1213 3956 ergo
1236 3873 1373 3938 thesauri

382 3971 505 4037 abiacio
529 3973 759 4057 depauperaret
780 3994 916 4060 regnum
937 3975 978 4038 ad
1002 3974 1050 4037 sui
1073 3974 1252 4040 maximum
1279 3975 1372 4040 detri-

929 4072 932 4077 ’
1053 4079 1071 4132 h

422 4225 446 4273 ⁶.
467 4224 497 4271 iis
512 4228 601 4274 clerum
620 4226 730 4274 abusum.
835 4228 865 4276 th
889 4229 953 4276 Aio
969 4241 1058 4287 marus
1077 4228 1149 4277 Nota.
1253 4240 1288 4290 tp.
1308 4231 1331 4277 Α
1349 4230 1374 4277 is

382 4306 471 4351 matut
485 4294 554 4342 Nota
662 4298 699 4344 28.
712 4309 751 4357 ²9.
765 4297 796 4344 Bt
810 4299 877 4346 ditet
890 4299 963 4347 enirn.
1068 4300 1103 4348 3².
1117 4302 1154 4347 Ar
1168 4299 1220 4346 suia
1233 4299 1291 4346 sols.
