3262 5226
361 446 480 540 mnu]
740 468 786 521 na
804 466 981 523 recursis.

248 645 353 706 0131⁴
406 627 583 706 Quomodo
606 646 681 709 ergo
702 636 825 709 caperet
847 643 913 687 esse
934 645 1071 689 suuma
1103 627 1248 690 membro
1281 644 1350 693 tam

362 730 556 812 accidentali,
579 749 654 793 cum
676 749 764 793 more
801 727 939 793 fluminis
971 728 1104 793 labentis
1134 729 1263 795 ecclesia
1294 732 1349 796 illa

362 840 456 905 habet
479 856 565 902 nunc
588 831 690 898 unum
712 848 743 897 et
766 854 850 898 nunc
872 833 971 898 alium
992 833 1026 897 in
1050 833 1129 898 facie
1150 834 1246 899 seculi
1276 857 1347 921 pre·

362 935 535 1008 sidentem?
566 938 661 1003 Nulla
691 957 766 1023 ergo
798 937 928 1001 istorum
954 937 1078 1003 viarum
1111 953 1142 1003 et
1173 940 1350 1024 specialiter

336 1049 421 1119 sista
443 1044 582 1111 verificst
603 1043 691 1129 quod
707 1041 889 1127 quicunque
905 1042 997 1108 luerit
1011 1045 1177 1109 Romanus
1194 1045 1348 1130 pontifex,

361 1152 402 1218 sit
440 1165 536 1236 caput
572 1147 756 1215 universalis
787 1147 914 1213 ecclesie
960 1148 1010 1212 cui
1048 1162 1177 1234 oportet
1213 1171 1346 1216 omnem

361 1255 569 1321 christianum
592 1255 632 1318 de
653 1252 836 1317 necessitate
858 1253 967 1317 salutis
990 1253 1128 1320 obedire.

290 1379 318 1433 1>
336 1389 354 1432 ο
406 1360 438 1426 Si
462 1359 583 1423 dicatur
605 1358 700 1424 tercio
723 1358 811 1443 quod
833 1370 940 1421 manet
963 1359 1074 1422 eadem
1090 1357 1218 1423 ecclesia
1240 1359 1346 1450 homi·

363 1486 443 1529 num
458 1485 477 1528 a
499 1463 656 1548 principio
678 1461 790 1526 mundi
807 1463 962 1547 usquead
984 1462 1194 1529 novissimum
1210 1464 1346 1530 electum

323 1603 352 1638 ιο
362 1566 458 1656 (sicut
467 1568 542 1633 dicit
550 1569 660 1633 beatus
670 1567 848 1653 Gregorius,
858 1565 947 1631 x1x⁰
954 1566 1178 1651 Homiliurum,
1188 1589 1263 1634 cum
1277 1569 1347 1634 aliis

361 1670 501 1759 sanctis),
523 1687 555 1737 et
577 1671 631 1735 illa
651 1672 735 1756 capit
756 1671 908 1736 unitatem
931 1691 950 1734 r
972 1672 1075 1757 capite
1098 1673 1167 1737 Deo
1189 1687 1221 1739 et
1241 1673 1345 1760 capite

361 1778 490 1845 Christo
512 1776 601 1863 quia
624 1774 778 1861 principio
801 1774 912 1839 mundi
934 1790 1044 1842 manet
1064 1776 1099 1840 in
1115 1777 1217 1842 causis
1232 1798 1375 1852 secun-12
1393 1819 1432 1852 m
1470 1809 1502 1854 b.
1518 1808 1571 1855 ..ω

360 1884 418 1965 dis,
441 1897 473 1947 et
495 1882 590 1946 habet
612 1879 754 1944 membra
776 1877 871 1943 fidem
894 1878 961 1943 eius
984 1881 1128 1946 tenencis
1151 1896 1182 1946 et
1209 1884 1344 1969 quicun-
1367 1860 1559 1960 ‘iginum‘

359 2009 423 2074 que
446 1987 538 2052 luerit
560 2006 642 2071 papa
664 2005 722 2070 pro
746 1999 888 2070 tempore
910 2005 979 2066 suo,
1008 2000 1136 2070 oportet
1167 1989 1255 2072 quod
1278 2002 1346 2053 tota
1368 1966 1558 2063 ’33ὛὸῩὲ

320 2109 433 2179 rspars
454 2091 539 2156 illius
562 2090 690 2155 ecclesie
711 2111 820 2154 secum
842 2110 1030 2155 conversans
1062 2090 1102 2156 sit
1124 2091 1183 2155 sibi
1206 2093 1346 2158 subiecta
1355 2069 1571 2181 ‘liri'ss‘pl'pl'ss‘f

361 2211 397 2261 ut
419 2195 514 2280 capiti
530 2209 561 2261 et
576 2195 689 2259 abbati.
713 2195 754 2259 Et
769 2192 826 2259 ists
841 2194 1005 2280 responsio
1020 2210 1068 2260 est
1087 2196 1234 2261 subtilior
1247 2217 1346 2283 quam
1355 2172 1460 2220 ⁰¹¹⁶*st
1489 2183 1571 2232 'W

361 2301 490 2386 priores.
520 2300 582 2364 Sed
605 2320 669 2363 non
692 2298 816 2363 videtur
838 2298 915 2362 mihi
950 2299 1067 2363 salvare
1094 2300 1283 2367 decretalem
1305 2303 1345 2366 ad

361 2428 491 2473 sensum
509 2406 689 2492 expositum
711 2406 766 2469 sed
781 2405 893 2491 pocius
908 2404 1077 2488 infringere
1092 2405 1184 2470 illum
1200 2423 1347 2489 sensum;
1531 2432 1543 2489 ι

332 2514 449 2598 equod
472 2512 597 2577 videtur
628 2510 851 2596 multipliciter.
883 2511 966 2574 Nam
996 2509 1103 2595 primo
1140 2525 1227 2597 patet
1257 2512 1347 2597 quod

319 2647 350 2684 ιο
361 2632 464 2703 preter
478 2618 572 2683 istum
587 2616 749 2682 ecclesiam
765 2630 890 2700 oportet
905 2636 1024 2699 ponere
1039 2616 1134 2680 alium
1150 2616 1347 2703 superiorem

292 2739 398 2792 132·ex
421 2722 572 2787 omnibus
595 2720 712 2806 angelis
734 2736 765 2786 et
788 2718 971 2784 bominibus
994 2721 1206 2805 compositam
1222 2720 1348 2787 cuius*

360 2827 418 2893 ista
441 2843 488 2894 est
521 2848 603 2913 pars.
639 2829 678 2893 Et
700 2849 755 2911 per
778 2847 986 2912 consequens,
1017 2825 1077 2891 ista
1104 2847 1169 2890 non
1202 2841 1250 2892 est
1273 2826 1345 2890 uni·
1378 2853 1431 2900 τι..
1444 2853 1545 2902 οη...

360 2933 488 2997 versalis
504 2932 643 3014 ecclesia,
665 2952 740 2995 cum
754 2931 794 2995 sit
817 2930 1021 3015 particularis,
1043 2929 1120 3016 quia
1140 2932 1229 2996 aliter
1243 2930 1347 2996 lorent
1365 2908 1567 3015 uiifflf'ss'p

360 3037 439 3118 due;
462 3037 551 3124 quod
574 3051 621 3100 est
648 3051 757 3099 contra
788 3035 1024 3100 conclusionem
1058 3037 1231 3100 secundnm
1267 3036 1348 3101 dicte
1357 3015 1575 3112 {sss'ffllflffi

318 3159 350 3213 25
361 3141 535 3207 decretalis.
572 3141 620 3204 De
650 3140 738 3203 totali
765 3154 872 3204 autem
903 3159 966 3225 que
997 3152 1045 3204 est
1075 3160 1189 3204 omnes
1219 3140 1349 3206 ecclesie
1423 3121 1507 3165 “ml

362 3260 447 3310 extm
479 3266 579 3330 quam
611 3264 674 3307 non
706 3257 752 3308 est
785 3245 869 3309 salus
895 3264 953 3308 nec
983 3259 1119 3329 possunt
1150 3265 1217 3310 esse
1247 3246 1348 3311 multe

330 3352 437 3419 btales
466 3365 515 3416 est
536 3350 629 3414 nobis
652 3370 765 3418 sermo.
801 3351 890 3430 Item,
917 3348 1050 3435 quilibet
1072 3349 1190 3415 Christi
1212 3350 1347 3416 vicarius

359 3470 405 3520 est
428 3453 512 3518 filius
527 3454 598 3520 talis
614 3455 752 3537 ecclesie,
771 3454 939 3540 quomodo
954 3453 1050 3539 igitur
1066 3468 1155 3538 puter
1168 3455 1218 3518 vel
1234 3451 1348 3542 caput?

332 3585 351 3628 ο
404 3560 495 3642 ltem,
527 3558 659 3645 quilibet
681 3574 826 3626 nostrum
852 3558 933 3623 sicut
964 3573 995 3623 et
1025 3558 1167 3624 istorum
1192 3581 1348 3644 paparum
1356 3584 1395 3633 rso
1408 3589 1571 3645 poserem

316 3661 484 3746 3oignorat
510 3664 537 3728 si
565 3663 605 3729 sit
633 3666 812 3729 membrum
843 3664 912 3728 talis
936 3663 1079 3728 ecclesie:
1103 3664 1238 3729 omnino
1270 3639 1572 3749 ergosslssiiissss'i‘sffi

360 3787 426 3831 non
458 3769 551 3834 debet
581 3790 760 3854 presumere
792 3769 880 3855 quod
910 3767 951 3832 sit
983 3768 1167 3852 capitaneus
1198 3769 1347 3834 omnium
1408 3742 1516 3792 cm

363 3871 493 3937 illorum
516 3890 648 3961 propter
669 3873 831 3959 apostolos
854 3887 885 3937 et
899 3872 978 3937 alios
994 3887 1120 3938 sanctos
1140 3872 1268 3957 ignotos
1289 3874 1346 3961 qui

359 3979 539 4044 secundum
561 3979 656 4044 uliam
678 3979 816 4044 formam
839 3975 992 4042 dominati
1020 3990 1097 4042 sunt
1117 3997 1175 4042 sue
1206 3979 1345 4045 ecclesie.

402 4216 424 4261 8.
438 4217 460 4262 Α
474 4216 498 4263 la
513 4230 593 4274 marre
607 4218 652 4265 Hic
665 4225 726 4264 uota
805 4231 838 4264 ro.
852 4216 871 4264 B
885 4218 908 4264 la
922 4227 1002 4273 marus
1017 4213 1148 4274 Gregorius
1160 4217 1274 4274 eiectum
1288 4217 1347 4264 lere.

358 4283 440 4332 Codds
464 4288 595 4344 Gregorius
615 4287 696 4335 xxlll.
712 4288 793 4335 ilorci.
811 4301 863 4345 erp.
878 4287 897 4343 Ι,
917 4283 1024 4333 correxi.
1039 4283 1077 4331 ct
1092 4284 1165 4343 Grep.
1179 4286 1243 4345 opp.
1256 4297 1314 4334 rom.
1327 4287 1346 4345 l,

358 4366 411 4411 pag.
427 4356 482 4402 ι5ιο.
588 4355 617 4402 ι3.
633 4356 650 4400 Β
668 4359 691 4403 ln
711 4371 790 4416 marg:
811 4358 919 4405 Christus
940 4369 953 4401 a
974 4354 1093 4413 principio
1119 4356 1202 4402 mandi
1223 4357 1346 4404 maneria

359 4425 436 4469 crusis
450 4426 570 4471 secandis.
650 4424 682 4472 ss.
697 4438 734 4483 ²⁴·
748 4429 778 4472 Bt
792 4428 870 4474 forent
882 4425 994 4473 mundo.
