3262 5226
203 358 273 405 car.
298 342 363 434 aa]
523 405 528 413 .
577 363 625 414 uu
643 359 824 434 accusata

90 537 118 591 Δ
137 536 196 604 175·
204 542 262 605 pro
293 520 365 583 cleri
403 520 450 584 sui
491 520 595 584 abusu
634 514 804 581 elemosine
836 515 887 578 vel
919 527 1119 598 contemptu.
1162 516 1202 580 Et

204 640 251 689 cst
282 625 417 688 dubium
450 624 536 687 istud
574 619 878 686 necessariissimum
910 619 950 680 ad
987 618 1201 700 tractandum,

204 731 278 814 quia
301 728 410 792 multis
442 743 473 790 et
496 727 623 812 magnis
645 727 684 788 de
708 745 807 809 regno
830 736 941 786 nostro
963 720 1088 786 videtur
1110 724 1201 808 quod

204 855 275 917 pars
298 830 486 896 affirmativa
508 829 729 895 conclusionis
761 828 801 893 sit
833 826 907 891 satis
932 824 1097 908 catholica,
1130 827 1200 892 aliis

179 953 311 1006 §autern
342 934 565 1020 pinguioribus
597 933 678 1019 regis
706 931 934 997 elemosinariis
955 930 1080 995 videtur
1110 933 1201 1016 quod

203 1040 367 1105 conclusio
390 1039 429 1103 sit
452 1039 588 1102 omniuo
612 1037 758 1102 heretica.
793 1038 834 1100 Et
856 1034 1072 1100 indubitanter
1094 1056 1201 1101 assero

203 1146 302 1230 quod,
330 1143 355 1206 si
379 1143 545 1207 conclusio
568 1143 629 1206 ista
660 1141 700 1206 sit
732 1141 880 1223 heretica,
913 1140 1081 1224 supposito
1116 1138 1201 1204 lacto

203 1247 297 1332 regali
329 1268 442 1331 regum
468 1246 597 1330 Anglie,
623 1247 680 1309 -vel
711 1260 819 1310 totum
851 1264 986 1330 regnum
1018 1244 1067 1307 vel
1099 1244 1202 1307 maior
1274 1265 1277 1271 ·

203 1373 275 1436 pars
299 1351 366 1414 eius
398 1365 444 1415 est
475 1350 590 1414 exhinc
614 1349 769 1415 infectum
800 1349 937 1414 heretica
968 1348 1139 1433 pravitate;
1170 1363 1201 1414 et
1216 1358 1372 1418 lraayrarna
1387 1360 1422 1408 be

164 1477 290 1526 locum,
309 1456 488 1519 sacerdotes
527 1469 558 1519 et
589 1455 767 1539 specialiter
800 1453 941 1538 episcopi
979 1468 1010 1517 et
1043 1452 1200 1517 scolastici
1218 1414 1343 1509 ’1111ἔῖ1εά
1358 1413 1416 1460 ⁰¹⁸⁸

1174 1558 1182 1573 ,
1216 1515 1303 1561 should
1316 1519 1348 1561 tel
1374 1517 1420 1564 tlte
1481 1528 1484 1533 ⁴

203 1560 288 1643 regni
313 1560 412 1623 nostri
435 1574 584 1624 tenentur
598 1559 758 1644 predicere
782 1558 847 1642 regi
869 1573 901 1622 et
920 1579 1018 1643 regno
1040 1578 1100 1621 suo
1116 1579 1200 1642 perr·
1259 1568 1318 1626 ¹¹⁰⁸
1331 1581 1371 1614 ⁸⁰·

203 1666 324 1744 culum,
347 1680 434 1747 patet
456 1665 546 1750 quod
569 1664 629 1748 ipsi
654 1663 831 1748 specialiter
854 1677 886 1726 et
901 1683 1035 1747 regnum
1049 1683 1199 1728 commu·

205 1769 285 1831 niter
312 1783 459 1834 tenentur
490 1769 523 1832 in
557 1768 621 1834 isto
652 1784 776 1853 puncto
810 1788 1002 1851 cognoscere
1025 1768 1199 1834 veritatem.

204 1874 277 1936 Non
301 1873 388 1936 enim
410 1889 485 1939 sunt
511 1895 565 1937 rex
598 1887 630 1937 et
660 1894 797 1956 regnum
828 1873 909 1936 adeo
940 1872 1077 1937 indurati
1108 1872 1200 1959 quin,

164 1979 301 2049 15docto
323 1980 412 2063 quod
434 1980 554 2062 dogma
582 1978 662 2043 illud
686 1977 771 2042 foret
790 1977 975 2058 hereticum,
1002 1977 1109 2062 ipsum
1133 1998 1199 2042 non

203 2081 341 2166 amplius
364 2084 581 2166 practizarcnt,
610 2085 666 2147 scd
688 2086 729 2147 ad
752 2104 867 2147 vocem
889 2082 1102 2147 multitudiuis
1124 2082 1200 2147 cleri

203 2186 251 2249 sui
283 2187 410 2251 concito
437 2203 632 2253 revocarent.
670 2187 721 2252 Sic
753 2188 841 2252 enim
874 2189 914 2252 ad
945 2186 1199 2271 predicacionem

202 2292 280 2354 Jone
303 2291 441 2355 Ninivite
464 2292 632 2356 salubriter
654 2292 839 2377 penitebant
862 2291 913 2378 (ut
939 2305 1026 2377 patet
1044 2293 1124 2357 Jonc
1141 2294 1199 2357 111ο

203 2411 233 2458 et
255 2397 386 2459 Matthei
402 2395 502 2481 xl1⁰)‚
526 2397 571 2460 sic
595 2396 696 2460 eciam
720 2398 1006 2480 Nabugodonozor
1026 2417 1199 2463 conversus

161 2516 249 2572 20est
272 2501 311 2563 ab
336 2499 519 2564 infidelitate
553 2516 585 2565 et
608 2500 747 2564 salvatus
779 2501 915 2565 finaliter
936 2501 1053 2566 virtute
1075 2502 1135 2566 Dei
1167 2517 1199 2569 ct

203 2604 375 2688 prudencia
397 2604 537 2668 Danielis
561 2602 612 2691 (ut
635 2619 723 2689 patet
751 2605 784 2668 in
808 2626 931 2671 canone
950 2606 1063 2688 xxm,
1085 2627 1118 2692 q.
1143 2607 1197 2674 lv.

204 2709 505 2773 Nabuchodonosor
537 2732 576 2773 ex
611 2711 741 2775 historia
764 2711 922 2795 prophete
954 2726 986 2775 et
1012 2710 1198 2775 testimonio

204 2810 406 2898 Augustini);
434 2828 465 2876 et
480 2835 588 2878 revera
604 2815 729 2879 videtur
746 2814 849 2882 maior
863 2814 1033 2899 disposicio
1048 2815 1080 2878 in
1096 2836 1198 2899 regno

203 2933 313 2981 nostro
331 2917 443 2982 eteius
459 2919 658 3004 principibus
673 2941 771 3006 quarn
789 2920 849 2985 luit
867 2920 899 2983 in
914 2920 1056 3004 predicto
1071 2921 1198 3006 populo

161 3043 192 3094 25
202 3021 331 3086 infideli.
370 3025 549 3101 Quomodo
587 3046 663 3109 ergo
702 3023 783 3089 loret
820 3025 922 3089 fidelis
958 3024 1008 3088 vel
1038 3025 1198 3092 caritative

202 3128 335 3212 diligens
357 3149 463 3213 regem
487 3151 585 3194 suurn
600 3128 656 3216 qui
680 3131 800 3194 videret
822 3130 931 3214 ipsum
953 3151 992 3194 ex
1014 3129 1198 3216 ignorantia

202 3253 297 3317 super
319 3254 410 3298 oram
433 3234 546 3298 baratri
570 3249 720 3319 paratum
743 3235 783 3298 ad
798 3232 1008 3320 precipicium
1030 3236 1196 3321 sempiter-

202 3358 279 3401 num
299 3354 331 3402 et
347 3339 511 3404 assistente
526 3341 696 3403 revocandi
717 3339 834 3404 noticia
849 3340 882 3403 in
897 3362 971 3425 sepc
981 3341 1197 3406 conversionis

202 3463 239 3505 ex
255 3443 425 3528 negligenti
449 3444 571 3508 desidia
586 3442 784 3527 permitteret
808 3460 875 3510 tam
893 3465 1022 3530 gravem
1035 3446 1197 3530 populum

159 3548 234 3616 30iu
258 3567 389 3631 corpore
421 3560 451 3609 et
482 3546 592 3609 anima
614 3559 771 3630 perpetuo
793 3547 931 3631 interire,
965 3548 1142 3632 specialiter
1170 3549 1197 3614 si

201 3652 241 3714 ad
264 3650 493 3735 speculandum
517 3664 549 3714 et
569 3653 821 3733 prenarrandum
844 3653 925 3737 regis
948 3667 979 3719 et
1001 3653 1088 3739 regni
1111 3654 1195 3740 peri·

202 3754 273 3817 cula
295 3752 335 3817 sit
357 3751 518 3835 pinguiter
540 3750 733 3837 premiatus?
764 3757 881 3821 Nonne
903 3756 980 3822 dicit
1001 3757 1087 3823 Deus
1119 3779 1194 3844 pro·

238 3970 259 4016 5.
274 3968 304 4014 Ba
319 3966 518 4024 regia-ridetur
531 3972 606 4020 deest.
673 3987 704 4033 ¹7·
720 3975 750 4021 Br
760 3976 869 4022 eonclclo
879 3985 1024 4025 reroeareat.
1086 3991 1121 4026 aa.
1131 3981 1154 4027 Α
1169 3979 1193 4027 la

200 4051 286 4096 marga
317 4036 542 4089 Nabuchodonosor
568 4043 673 4091 salvatas
699 4052 743 4090 eat.
851 4057 886 4103 ²7·
907 4045 939 4093 Be
967 4047 997 4093 ad
1024 4048 1194 4106 preelpacluar.

199 4109 234 4152 all.
248 4108 271 4154 Α
284 4109 330 4165 Ap
344 4108 368 4154 in
381 4121 438 4166 sepe
451 4113 626 4162 conversionis.
732 4113 769 4161 ³0.
784 4115 816 4162 B:
831 4117 926 4164 laterlre
940 4118 1016 4164 deest.

243 4286 283 4324 ar.
302 4270 378 4325 Dect.
397 4272 419 4324 11
436 4287 506 4342 para,
524 4289 604 4326 causa
622 4275 713 4343 xrun,
731 4293 759 4347 q.
777 4279 823 4344 lv,
841 4293 863 4331 c
882 4279 976 4345 axla,
