3262 5226
158 464 226 510 no
691 450 1024 508 sonsurrrswtcur.
1241 426 1361 521 [css-v.

183 627 362 725 *tharsim
380 635 453 678 rum
473 612 628 698 parcium,
650 612 705 675 sed
732 630 797 674 non
826 622 874 674 est
899 609 970 675 talis
998 605 1182 673 univocacio
1211 605 1245 669 in
1271 618 1476 690 pere-1430Q

179 731 350 830 ‹merlai-‘fi
380 717 585 804 ponentibus,
607 713 837 780 dormientibus
860 728 892 779 et
906 713 1013 778 beatis.
1037 714 1123 797 Ergo
1146 731 1212 774 non
1228 709 1362 774 univoce

159 836 193 934 pp
203 838 267 932 ἔξω
261 847 373 944 ‹ffip
381 821 580 887 constituunt
608 818 723 884 Christi
754 833 897 884 sanctem
936 833 1072 883 matrem
1103 813 1363 899 ecclesiamque

162 941 297 1037 sam}
306 919 372 1037 mul
382 947 446 991 non
469 923 643 1010 potestdici
660 922 862 1005 etherogena,
877 943 950 987 nam
967 922 991 986 si
1007 921 1084 986 fides
1105 935 1246 1007 ponatur
1260 918 1363 984 forma

176 1042 359 1141 afflebw
382 1031 576 1096 constituens
613 1028 792 1093 membrum
825 1027 968 1110 ecclesie,
1004 1027 1129 1092 videtur
1158 1025 1249 1111 quod
1278 1023 1388 1092 beatis

381 1134 495 1221 quibus
518 1132 600 1198 inest
626 1133 708 1197 clara
737 1131 828 1214 visio,
860 1147 1008 1197 evacuata
1039 1131 1101 1197 fide
1132 1151 1198 1196 non
1230 1129 1294 1195 sint
1323 1129 1388 1193 de·

381 1236 530 1302 membris
552 1235 690 1318 ecclesie,
721 1235 747 1299 si
778 1234 889 1300 caritas
920 1236 1023 1300 adhue
1054 1235 1166 1302 caritas
1196 1235 1296 1322 patrie
1332 1247 1364 1298 et

381 1341 491 1406 caritas
512 1341 562 1406 vie
584 1354 659 1406 sunt
681 1340 854 1424 disparium
877 1339 1052 1405 racionum.

181 1480 353 1576 wambe
424 1463 486 1529 Sed
509 1462 560 1527 hie
583 1463 697 1528 dicitur
717 1458 768 1550 (ut
788 1459 897 1548 supra)
931 1463 1019 1548 quod
1047 1461 1149 1527 forma
1175 1462 1363 1548 exemplaris

189 1583 345 1655 unctores
381 1566 557 1632 eternaliter
580 1566 721 1632 formans
747 1568 787 1631 ab
817 1583 903 1630 extra
933 1568 1151 1652 quodcunque
1181 1567 1363 1632 membrum
1376 1598 1407 1636 ro

174 1634 350 1733 Ginirlssif'
382 1672 509 1737 ecclesie
540 1687 587 1737 est
617 1671 845 1757 predestinacio
869 1671 927 1736 Dei
957 1687 1074 1736 eterna.
1107 1671 1225 1736 Forma
1255 1687 1363 1737 autem

382 1798 494 1861 perse
515 1790 547 1842 et
569 1777 609 1840 ab
630 1776 799 1842 intrinseco
821 1775 1017 1840 constituens
1032 1777 1215 1840 membmm
1235 1776 1364 1841 ecclesie

382 1896 428 1947 est
454 1879 682 1967 predestinacio
703 1880 835 1965 passiva.
858 1879 928 1965 lpsa
951 1880 1037 1944 enim
1052 1901 1118 1945 non
1134 1894 1241 1965 potest
1264 1880 1365 1945 inesse

382 1985 630 2070 multiplicative,
653 1985 711 2049 nisi
734 1985 807 2050 assit
829 1984 969 2049 ecclesia.
993 1986 1033 2050 Et
1055 1985 1099 2050 sic
1122 1986 1218 2050 habet
1233 1984 1366 2071 quilibet

383 2090 611 2175 predestinatus
633 2088 731 2154 fidem
754 2088 920 2154 formatam
936 2089 1063 2156 caritate
1085 2089 1366 2177 predestinacionis
1379 2108 1409 2161 15

384 2196 559 2260 secundum
571 2216 668 2281 quam
678 2194 881 2261 constituitur
896 2197 1025 2260 ecclesia
1033 2198 1083 2261 vel
1093 2197 1161 2261 eius
1171 2196 1365 2260 membrum.

386 2300 428 2364 Et
448 2299 492 2364 ita
514 2299 597 2364 racio
619 2314 665 2364 est
688 2299 822 2365 univoca
844 2299 877 2364 in
900 2321 1094 2388 quocunque
1115 2301 1278 2368 salvando.

166 2432 375 2547 asangm&
428 2422 519 2541 lJnde
540 2422 620 2487 sicut
644 2436 842 2486 crementum
875 2436 906 2487 et
936 2422 1097 2507 profectus
1130 2444 1266 2506 persone
1299 2422 1389 2488 nonl

166 2544 216 2639 Q
224 2540 480 2639 zmeffipp‘lpvanat
502 2525 570 2591 eius
592 2527 738 2610 speciem,
761 2526 835 2612 quia
857 2526 902 2590 sic
916 2532 935 2571 θ
949 2527 1050 2592 homo
1066 2529 1244 2593 secundum
1265 2527 1365 2591 varia·
1379 2523 1440 2594 ¹43¹

175 2646 230 2743 'lg'
244 2650 294 2743 '3³‘
307 2645 369 2742 {2⁸⁶¹
385 2652 491 2695 crones
513 2645 634 2695 etatum
655 2631 798 2696 transiret
820 2632 860 2695 de
877 2632 981 2716 specie
1003 2634 1043 2696 ad
1058 2633 1209 2717 speciem,
1232 2631 1277 2697 sic
1300 2646 1366 2697 etas
1377 2646 1411 2684 ²0

218 2709 248 2755 μ
270 2704 307 2741 “¹
334 2708 357 2741 ι
384 2756 518 2820 persone
540 2750 645 2800 sancte
667 2734 775 2798 matris
791 2735 918 2799 ecclesie
934 2757 1000 2800 non
1016 2739 1113 2801 variat
1128 2737 1196 2801 eius
1216 2736 1367 2821 speciem,

385 2841 441 2905 sed
462 2839 645 2903 corroborat
667 2859 724 2923 per
745 2838 891 2903 accidens
907 2839 1067 2904 racionem
1082 2841 1222 2905 ecclesie.
1245 2841 1368 2904 Ymmo

386 2958 491 3008 manet
515 2945 625 3008 eadem
653 2942 731 3008 fides
763 2944 797 3007 in
827 2945 962 3027 mundo,
994 2946 1026 3008 in
1057 2946 1243 3031 purgatorio
1275 2959 1305 3009 et
1335 2944 1369 3007 in

386 3049 462 3112 celo.
487 3049 549 3113 Sed
572 3047 772 3133 imperfeccio
792 3069 855 3134 que
878 3071 915 3113 ex
937 3066 1023 3134 parte
1039 3067 1087 3116 est
1101 3051 1154 3115 hic
1169 3050 1371 3115 evacuabitur

387 3153 419 3217 in
434 3153 547 3234 beatis;
563 3153 712 3235 manebit,
728 3153 872 3238 inquam,
895 3155 1005 3218 eadem
1028 3153 1106 3220 fides
1134 3176 1197 3241 que
1224 3155 1370 3236 creditur,
1382 3153 1414 3207 ²⁵

387 3278 461 3322 cum
483 3258 524 3321 sit
544 3259 659 3323 veritas
687 3273 802 3340 eterna,
831 3273 863 3323 et
893 3259 1033 3323 manebit
1064 3261 1176 3324 eadem
1199 3258 1277 3323 fides
1307 3279 1371 3344 qua

388 3378 418 3425 et
447 3364 623 3426 secundum
655 3382 754 3447 quam
785 3362 935 3445 creditur,
966 3363 1041 3449 quia
1069 3365 1245 3428 manebunt
1275 3362 1372 3426 iidem

388 3481 475 3531 actus
509 3481 539 3531 et
575 3466 709 3530 habitus.
755 3467 810 3531 Est
846 3468 932 3531 enim
968 3468 1071 3552 prima
1108 3468 1238 3533 adhesio
1274 3487 1373 3552 quam

389 3584 527 3635 creatura
556 3571 650 3635 habet
680 3572 720 3634 de
757 3570 885 3635 veritate
916 3572 1071 3636 credenda
1102 3587 1191 3636 actus
1216 3571 1289 3635 fidei
1320 3570 1373 3634 cui

390 3675 500 3740 accidit
526 3676 699 3740 obscuritas
726 3676 912 3760 enigmatica
941 3697 999 3760 pro
1030 3676 1081 3740 via
1111 3697 1174 3761 que
1205 3674 1417 3741 evacuatur3⁰

391 3779 422 3843 in
454 3780 553 3864 patria
586 3780 731 3844 veniente
769 3780 942 3844 intuicione
979 3782 1080 3862 clara,
1117 3780 1228 3845 caritas
1265 3794 1374 3843 autem

391 3885 500 3947 eadem
527 3885 645 3949 habens
672 3885 825 3969 lupatria
851 3883 1131 3949 confirmacionem
1154 3885 1227 3949 loco
1248 3883 1374 3947 incerti·

391 3987 520 4053 tudinis

428 4207 451 4243 s.
466 4195 531 4249 ΔΑ,
547 4194 735 4252 etheranorem.
843 4193 1043 4252 ominosam:
1058 4192 1199 4252 Responsio.
1293 4191 1326 4238 sd.
1341 4196 1375 4239 As

392 4263 509 4319 membrer
529 4261 560 4308 lis
575 4264 675 4309 utelase
703 4262 856 4321 lllnmergn
880 4263 944 4321 Quld
958 4265 1078 4311 bominem
1100 4261 1222 4308 constituit
1241 4261 1376 4308 membrum

393 4334 499 4377 ecclesie.
603 4329 637 4379 32.
651 4336 673 4379 Α
686 4333 709 4379 la
725 4346 806 4390 marga
833 4331 896 4379 Nota
914 4334 975 4379 bene
992 4333 1114 4394 quomodo
1128 4340 1207 4378 manet
1220 4331 1305 4377 eadem
1318 4330 1377 4376 fides

393 4401 416 4446 la
429 4402 544 4460 cellaque
558 4402 651 4448 erue
