3262 5226
155 424 218 490 ²28
376 418 381 426 '
686 442 855 497 ronanus
872 442 1021 497 wrcen.
1220 415 1352 510 [cet-¹²

373 598 475 664 rencia
489 599 815 683 Exeomunicacionis,
835 595 1034 684 lateralia),
1049 618 1101 662 rex
1116 610 1226 660 eutem
1242 594 1354 680 Anglie
1368 606 1429 662 160⁸
1444 609 1471 662 Δ

156 712 366 813 'Qtpeffi
373 704 466 769 debet
488 705 657 768 concedere
680 717 712 768 et
726 705 861 769 condere
876 704 960 789 leges
983 703 1059 767 tales
1074 700 1211 786 privatas
1234 700 1274 763 de
1296 719 1356 762 suo

164 818 220 863 *¹¹¹¹
233 820 273 864 tle
288 817 358 877 rung,
375 808 470 893 regali
490 808 635 872 dominio
650 809 690 872 ad
712 806 950 872 edificacionem
967 805 1109 871 ecclesie:
1133 804 1207 868 ideo
1230 803 1356 888 capien-

375 912 453 975 dum
477 926 522 976 est
545 926 710 996 tamquam
731 933 788 998 per
809 934 843 976 se
866 926 979 976 notum
1002 910 1090 995 quod
1114 907 1197 991 regis
1221 920 1268 971 est
1289 907 1357 970 illas

375 1016 458 1099 leges
485 1016 621 1099 privatas
648 1037 684 1080 ac
711 1015 900 1081 elemosinas
926 1014 1122 1100 interpretari
1149 1028 1180 1077 et
1202 1012 1236 1075 in
1265 1012 1382 1077 recti-5

375 1118 484 1182 tudine
505 1140 562 1184 sua
585 1120 761 1187 defendere.
784 1122 951 1185 Romanus
966 1133 1074 1184 autem
1095 1116 1238 1203 pontifex
1262 1136 1358 1200 super

375 1221 435 1285 isto
462 1225 636 1307 consultus,
661 1240 692 1290 et
715 1227 860 1291 sacerdos
887 1247 964 1290 suus
986 1224 1086 1309 legius
1117 1220 1287 1306 requisitus
1318 1223 1357 1285 de

375 1325 634 1412 interpretatione
648 1351 758 1394 sensus
773 1330 929 1411 catholici,
952 1343 1097 1394 tenentur
1112 1329 1152 1390 de
1175 1326 1244 1410 lege
1262 1345 1356 1389 evan·

375 1430 446 1514 gelli
470 1447 626 1516 quantum
648 1434 753 1498 sciunt
774 1433 936 1499 humiliter
957 1433 1128 1513 declarare;
1152 1430 1269 1514 quibus
1292 1450 1357 1493 non

376 1549 423 1600 eat
445 1538 621 1621 parendum
643 1537 702 1601 nisi
724 1539 764 1601 de
783 1552 905 1624 quanto
928 1536 1121 1601 sentenciam
1137 1555 1230 1598 suam
1246 1532 1403 1599 lunda-10

376 1640 477 1705 verint
498 1641 530 1704 in
554 1643 707 1727 scriptura
730 1664 825 1707 sacra.
853 1643 946 1708 Unde
969 1641 1110 1706 secundo
1133 1651 1262 1724 oportet
1284 1651 1390 1723 sup-2

158 1748 351 1860 ⁸:324!ng
353 1802 367 1846 ἃ
376 1765 494 1828 ponere
516 1748 605 1831 quod
631 1768 753 1811 sacram
779 1746 973 1832 theologiam
1004 1765 1130 1809 necesse
1161 1743 1202 1807 sit
1229 1764 1360 1807 omnem

203 1855 323 1913 timet·
377 1850 472 1915 talem
494 1851 662 1916 scienciam
684 1851 896 1937 principaliter
921 1853 1078 1935 regulare3
1114 1864 1202 1936 patet
1229 1869 1267 1912 ex
1298 1847 1360 1911 hoc

377 1957 465 2038 quod
495 1955 546 2019 illa
577 1956 645 2019 sola
671 1955 885 2041 principaliter
916 1959 1010 2020 docet
1031 1955 1116 2018 viam
1152 1974 1216 2038 qua
1248 1953 1360 2017 celeste

254 2110 260 2118 .
343 2135 348 2144 Ι
378 2059 564 2143 coniugium
574 2061 758 2142 honoratur,
775 2061 828 2124 sed
838 2061 923 2124 iuxta
935 2061 1020 2124 hunc
1037 2059 1134 2123 linem
1149 2058 1362 2141 regulandum
1375 2067 1404 2119 ιδ

377 2177 424 2227 est
445 2183 541 2228 omne
565 2163 684 2228 lactum
706 2165 834 2228 viatoris
856 2164 1051 2248 legitimum3
1082 2184 1159 2249 ergo
1186 2162 1360 2228 conclusio.

377 2268 418 2331 Et
440 2267 499 2332 ista
520 2284 567 2334 est
589 2270 747 2334 sentencia
770 2271 842 2332 XX·
865 2268 936 2333 dist.
960 2269 1012 2333 De
1034 2268 1242 2352 quibus,.ubi
1265 2268 1361 2331 lnno·

378 2373 504 2437 cencius
535 2395 617 2458 papa
649 2375 742 2437 docet
779 2374 921 2458 quinque
957 2375 1074 2458 gradus
1105 2373 1296 2459 procedendi
1328 2371 1360 2435 in

378 2476 482 2540 dubiis
504 2477 726 2559 discernendis,
748 2480 859 2562 primo
881 2479 913 2541 iu
938 2487 1093 2561 quantum
1117 2476 1360 2542 recurrendum

337 2599 343 2609 ’
378 2590 425 2645 est
459 2580 504 2644 ad
542 2583 706 2665 scripture
741 2585 967 2648 auctoritatem
1013 2601 1111 2666 quam
1153 2583 1294 2665 episcopi
1330 2590 1407 2644 etao

378 2685 562 2768 specialiter
586 2706 679 2770 papa
706 2708 807 2771 usque
835 2687 880 2751 ad
904 2689 1100 2773 sanguinem
1129 2695 1283 2751 terrentur
1306 2685 1362 2750 de·

370 2790 528 2874 ferdere,
552 2803 588 2855 ut
597 2804 688 2877 patet
700 2792 771 2856 XX
775 2790 825 2868 Vi,
848 2790 878 2876 p.
895 2793 922 2857 1.
946 2793 1028 2858 Sunt
1043 2794 1189 2879 quidam.
1214 2790 1363 2856 Secundo

379 2899 408 2960 si
428 2916 472 2961 ex
491 2898 658 2980 scriptura
679 2917 778 2962 saera
802 2898 834 2961 ira
858 2899 975 2982 lingua
998 2901 1101 2964 latina
1124 2899 1251 2963 solacio
1274 2896 1365 2961 dubii

380 3018 444 3064 rrorr
466 3002 556 3065 clare
577 3003 712 3085 eluceat,
745 3012 943 3066 recurratur
969 3002 1015 3066 ad
1036 3004 1159 3086 scripta
1181 3020 1297 3086 greca,
1330 3012 1365 3065 ut

382 3106 434 3170 vel
453 3107 501 3169 sic
523 3107 632 3171 dirirra
654 3108 817 3170 sentencia
840 3106 1010 3172 habeatur.
1047 3108 1161 3171 Tercio
1182 3107 1215 3170 si
1237 3126 1295 3171 aec
1317 3108 1407 3171 sic²5

381 3209 440 3271 lux
454 3211 601 3274 veritatis
612 3222 783 3294 appareat,
794 3210 838 3274 ad
846 3212 1080 3276 ecclesiasticas
1089 3212 1245 3275 historias
1256 3211 1365 3276 catho-

382 3315 462 3377 licas
483 3326 739 3401 congregatura
757 3318 879 3381 sanctis
895 3316 1092 3394 doctoribus,
1108 3316 1197 3379 mitte
1221 3324 1365 3381 inanum.

386 3418 510 3494 Quarto
531 3420 561 3482 si
583 3440 642 3484 nec
663 3421 729 3485 illis
756 3420 883 3484 eluceat
909 3420 1087 3506 difficultas
1115 3441 1179 3504 que
1205 3421 1367 3504 queritur,

382 3531 568 3586 sanctorum
586 3526 736 3607 exempla
752 3526 989 3608 perspicaciter
1004 3524 1194 3600 recordare,
1218 3523 1367 3606 exempla

382 3628 467 3690 euim
491 3612 551 3692 vite
567 3638 756 3692 sanctorum
779 3629 893 3693 debent
908 3649 977 3693 esse
993 3629 1085 3694 nobis
1102 3628 1274 3712 speculum
1291 3647 1367 3692 cort·
1377 3626 1412 3678 ³0

422 3844 444 3888 7.
458 3830 489 3876 B:
502 3844 560 3876 aaut
570 3833 644 3878 deest.
732 3846 755 3892 9.
770 3831 801 3876 Be
816 3832 934 3879 humiliter
947 3832 1075 3880 declinare.
1161 3844 1194 3890 ¹7·
1208 3833 1230 3877 Α
1240 3833 1265 3877 ln
1280 3843 1367 3888 marm

383 3899 445 3946 Nota
465 3901 585 3959 quomodo
605 3909 640 3947 eet
660 3900 758 3947 dublum
778 3902 968 3949 discernendam.
1073 3915 1105 3960 ¹7·
1125 3902 1151 3947 la
1166 3901 1222 3946 cod.
1236 3902 1290 3947 dist.
1305 3900 1367 3946 m

385 3969 417 4015 ai.
435 3969 453 4013 B
467 3970 491 4014 la
507 3982 593 4028 marga
615 3971 654 4016 Ad
667 3983 737 4029 quern
751 3971 805 4030 qaia
818 3971 888 4017 debet
901 3984 1021 4018 recurrere
1038 3984 1083 4031 pro
1097 3971 1176 4018 dubiis
1189 3971 1293 4017 diaerere
1307 3970 1368 4016 deci·

385 4039 477 4085 tendis.
580 4051 616 4095 ²7·
630 4041 647 4084 B
662 4040 706 4085 alla
720 4051 880 4089 monocerus
896 4041 994 4089 minue

432 4198 471 4250 ¹7·
490 4181 564 4245 Quae
588 4193 664 4235 autor
686 4182 730 4234 hic
754 4182 849 4235 diffuse
872 4184 991 4253 explicet,
1020 4183 1128 4237 mutatis
1157 4181 1259 4251 aliquot
1281 4185 1369 4238 verbis

387 4266 541 4337 deprompta
559 4280 620 4320 suat
640 4284 655 4320 e
675 4269 804 4322 Decretil
836 4282 919 4338 parte,
936 4273 998 4324 dist.
1017 4272 1076 4336 XX,
1094 4286 1118 4323 c.
1135 4268 1180 4336 lll,
1196 4280 1224 4321 et
1247 4270 1323 4325 oea.
1347 4272 1369 4325 ll

387 4367 469 4424 parte,
487 4370 565 4407 causa
582 4356 664 4421 XXV,
680 4371 706 4424 q.
726 4356 745 4421 l,
762 4370 819 4426 cap.
840 4358 883 4411 Vl.
