<?xml version="1.0" encoding="UTF-8"?>
<!DOCTYPE html PUBLIC "-//W3C//DTD XHTML 1.0 Transitional//EN"
    "http://www.w3.org/TR/xhtml1/DTD/xhtml1-transitional.dtd">
<html xmlns="http://www.w3.org/1999/xhtml" xml:lang="en" lang="en">
 <head>
  <title>
</title>
<meta http-equiv="Content-Type" content="text/html;charset=utf-8" />
  <meta name='ocr-system' content='tesseract 3.04.00' />
  <meta name='ocr-capabilities' content='ocr_page ocr_carea ocr_par ocr_line ocrx_word'/>
</head>
<body>
  <div class='ocr_page' id='page_1' title='image "./iohanniswyclift00mattgoog_0096.png"; bbox 0 0 3262 5226; ppageno 0'>
   <div class='ocr_carea' id='block_1_1' title="bbox 335 578 993 674">
    <p class='ocr_par' dir='ltr' id='par_1_1' title="bbox 335 578 993 674">
     <span class='ocr_line' id='line_1_1' title="bbox 335 578 993 674; baseline 0.002 -27"><span class='ocrx_word' id='word_1_1' title='bbox 335 578 469 674; x_wconf 67' lang='lat' dir='ltr'>canuc]</span> <span class='ocrx_word' id='word_1_2' title='bbox 717 595 764 650; x_wconf 75' lang='lat' dir='ltr'>na</span> <span class='ocrx_word' id='word_1_3' title='bbox 782 595 960 650; x_wconf 69' lang='lat' dir='ltr'>emersit.</span> <span class='ocrx_word' id='word_1_4' title='bbox 982 584 993 631; x_wconf 71' lang='grc' dir='ltr'>ἴ</span> 
     </span>
    </p>
   </div>
   <div class='ocr_carea' id='block_1_2' title="bbox 135 743 1326 1050">
    <p class='ocr_par' dir='ltr' id='par_1_2' title="bbox 135 743 1326 1050">
     <span class='ocr_line' id='line_1_2' title="bbox 135 743 1325 845; baseline -0.013 -9"><span class='ocrx_word' id='word_1_5' title='bbox 135 746 144 771; x_wconf 51' lang='lat'>³</span> <span class='ocrx_word' id='word_1_6' title='bbox 224 780 253 835; x_wconf 83' lang='lat'>11</span> <span class='ocrx_word' id='word_1_7' title='bbox 268 761 368 832; x_wconf 67' lang='lat' dir='ltr'>:imin</span> <span class='ocrx_word' id='word_1_8' title='bbox 392 759 503 845; x_wconf 90' lang='lat' dir='ltr'>capite,</span> <span class='ocrx_word' id='word_1_9' title='bbox 537 757 600 821; x_wconf 92' lang='lat' dir='ltr'>hoc</span> <span class='ocrx_word' id='word_1_10' title='bbox 622 768 680 835; x_wconf 90' lang='lat' dir='ltr'>est,</span> <span class='ocrx_word' id='word_1_11' title='bbox 715 752 749 817; x_wconf 89' lang='lat' dir='ltr'>in</span> <span class='ocrx_word' id='word_1_12' title='bbox 771 750 896 815; x_wconf 76' lang='lat' dir='ltr'>racione</span> <span class='ocrx_word' id='word_1_13' title='bbox 924 751 1102 817; x_wconf 75' lang='lat' dir='ltr'>cauterium</span> <span class='ocrx_word' id='word_1_14' title='bbox 1131 743 1325 820; x_wconf 85' lang='lat' dir='ltr'>Antichristi.</span> 
     </span>
     <span class='ocr_line' id='line_1_3' title="bbox 141 855 1326 942; baseline -0.009 -9"><span class='ocrx_word' id='word_1_15' title='bbox 141 872 146 881; x_wconf 89' lang='lat'>&#39;</span> <span class='ocrx_word' id='word_1_16' title='bbox 335 865 423 931; x_wconf 86' lang='lat' dir='ltr'>Nulli</span> <span class='ocrx_word' id='word_1_17' title='bbox 446 862 532 928; x_wconf 89' lang='lat' dir='ltr'>enim</span> <span class='ocrx_word' id='word_1_18' title='bbox 554 860 733 925; x_wconf 90' lang='lat' dir='ltr'>secuudum</span> <span class='ocrx_word' id='word_1_19' title='bbox 757 858 887 921; x_wconf 84' lang='lat' dir='ltr'>beatum</span> <span class='ocrx_word' id='word_1_20' title='bbox 902 855 1106 942; x_wconf 80' lang='lat' dir='ltr'>Gregorium,</span> <span class='ocrx_word' id='word_1_21' title='bbox 1122 855 1155 919; x_wconf 91' lang='lat' dir='ltr'>in</span> <span class='ocrx_word' id='word_1_22' title='bbox 1169 857 1326 941; x_wconf 80' lang='lat' dir='ltr'>Registro,</span> 
     </span>
     <span class='ocr_line' id='line_1_4' title="bbox 335 960 1325 1050; baseline -0.01 -15"><span class='ocrx_word' id='word_1_23' title='bbox 335 970 476 1035; x_wconf 88' lang='lat' dir='ltr'>secundo</span> <span class='ocrx_word' id='word_1_24' title='bbox 503 964 654 1050; x_wconf 90' lang='lat' dir='ltr'>capitulo,</span> <span class='ocrx_word' id='word_1_25' title='bbox 684 961 893 1047; x_wconf 74' lang='lat' dir='ltr'>periculosius</span> <span class='ocrx_word' id='word_1_26' title='bbox 914 962 965 1026; x_wconf 92' lang='lat' dir='ltr'>vei</span> <span class='ocrx_word' id='word_1_27' title='bbox 987 960 1127 1046; x_wconf 89' lang='lat' dir='ltr'>amplius</span> <span class='ocrx_word' id='word_1_28' title='bbox 1155 976 1272 1028; x_wconf 89' lang='lat' dir='ltr'>nocent</span> <span class='ocrx_word' id='word_1_29' title='bbox 1291 961 1325 1025; x_wconf 90' lang='lat' dir='ltr'>in</span> 
     </span>
    </p>
   </div>
   <div class='ocr_carea' id='block_1_3' title="bbox 336 1067 677 1138">
    <p class='ocr_par' dir='ltr' id='par_1_3' title="bbox 336 1067 677 1138">
     <span class='ocr_line' id='line_1_5' title="bbox 336 1067 677 1138; baseline -0.012 0"><span class='ocrx_word' id='word_1_30' title='bbox 336 1072 465 1138; x_wconf 90' lang='lat' dir='ltr'>ecclesia</span> <span class='ocrx_word' id='word_1_31' title='bbox 486 1068 585 1135; x_wconf 89' lang='lat' dir='ltr'>sancti</span> <span class='ocrx_word' id='word_1_32' title='bbox 608 1067 677 1134; x_wconf 87' lang='lat' dir='ltr'>Dei.</span> 
     </span>
    </p>
   </div>
   <div class='ocr_carea' id='block_1_4' title="bbox 298 1168 1556 3661">
    <p class='ocr_par' dir='ltr' id='par_1_4' title="bbox 312 1168 1556 1678">
     <span class='ocr_line' id='line_1_6' title="bbox 312 1168 1519 1279; baseline -0.015 -36"><span class='ocrx_word' id='word_1_33' title='bbox 312 1195 328 1248; x_wconf 87' lang='lat'>1</span> <span class='ocrx_word' id='word_1_34' title='bbox 379 1178 441 1242; x_wconf 87' lang='lat' dir='ltr'>Sed</span> <span class='ocrx_word' id='word_1_35' title='bbox 471 1174 635 1239; x_wconf 91' lang='lat' dir='ltr'>redeundo</span> <span class='ocrx_word' id='word_1_36' title='bbox 666 1172 708 1236; x_wconf 88' lang='lat' dir='ltr'>ad</span> <span class='ocrx_word' id='word_1_37' title='bbox 735 1170 956 1235; x_wconf 83' lang='lat' dir='ltr'>difficultatem</span> <span class='ocrx_word' id='word_1_38' title='bbox 986 1169 1152 1233; x_wconf 88' lang='lat' dir='ltr'>dimissam</span> <span class='ocrx_word' id='word_1_39' title='bbox 1182 1168 1319 1234; x_wconf 91' lang='lat' dir='ltr'>obicitur</span> <span class='ocrx_word' id='word_1_40' title='bbox 1332 1178 1519 1279; x_wconf 50' lang='lat' dir='ltr'>fflgpiffis</span> 
     </span>
     <span class='ocr_line' id='line_1_7' title="bbox 336 1235 1556 1386; baseline -0.013 -42"><span class='ocrx_word' id='word_1_41' title='bbox 336 1303 392 1366; x_wconf 91' lang='lat' dir='ltr'>per</span> <span class='ocrx_word' id='word_1_42' title='bbox 409 1292 555 1343; x_wconf 89' lang='lat' dir='ltr'>sanctum</span> <span class='ocrx_word' id='word_1_43' title='bbox 567 1276 733 1340; x_wconf 86' lang='lat' dir='ltr'>Thomam</span> <span class='ocrx_word' id='word_1_44' title='bbox 753 1276 793 1339; x_wconf 93' lang='lat' dir='ltr'>de</span> <span class='ocrx_word' id='word_1_45' title='bbox 808 1274 946 1356; x_wconf 90' lang='lat' dir='ltr'>Christo,</span> <span class='ocrx_word' id='word_1_46' title='bbox 969 1273 1176 1338; x_wconf 86' lang='lat' dir='ltr'>conclusione</span> <span class='ocrx_word' id='word_1_47' title='bbox 1198 1288 1321 1356; x_wconf 84' lang='lat' dir='ltr'>octava,</span> <span class='ocrx_word' id='word_1_48' title='bbox 1331 1235 1556 1386; x_wconf 47' lang='lat' dir='ltr'>ffimffiiiipg</span> 
     </span>
     <span class='ocr_line' id='line_1_8' title="bbox 336 1349 1491 1465; baseline -0.012 -17"><span class='ocrx_word' id='word_1_49' title='bbox 336 1384 468 1448; x_wconf 89' lang='lat' dir='ltr'>articulo</span> <span class='ocrx_word' id='word_1_50' title='bbox 483 1383 551 1463; x_wconf 83' lang='lat'>1110,</span> <span class='ocrx_word' id='word_1_51' title='bbox 568 1380 621 1444; x_wconf 92' lang='lat' dir='ltr'>ubi</span> <span class='ocrx_word' id='word_1_52' title='bbox 637 1379 714 1445; x_wconf 89' lang='lat' dir='ltr'>dicit</span> <span class='ocrx_word' id='word_1_53' title='bbox 736 1382 826 1465; x_wconf 92' lang='lat' dir='ltr'>quod</span> <span class='ocrx_word' id='word_1_54' title='bbox 840 1379 989 1443; x_wconf 83' lang='lat' dir='ltr'>Cirrisius</span> <span class='ocrx_word' id='word_1_55' title='bbox 1004 1388 1054 1443; x_wconf 87' lang='lat' dir='ltr'>est</span> <span class='ocrx_word' id='word_1_56' title='bbox 1068 1381 1323 1462; x_wconf 73' lang='lat' dir='ltr'>capiteomnium</span> <span class='ocrx_word' id='word_1_57' title='bbox 1357 1350 1371 1382; x_wconf 45' lang='grc' dir='ltr'><strong>ο</strong></span> <span class='ocrx_word' id='word_1_58' title='bbox 1412 1349 1491 1436; x_wconf 63' lang='lat' dir='ltr'>mesi</span> 
     </span>
     <span class='ocr_line' id='line_1_9' title="bbox 336 1483 1326 1569; baseline -0.008 -16"><span class='ocrx_word' id='word_1_59' title='bbox 336 1488 511 1562; x_wconf 77' lang='lat' dir='ltr'>homimem,</span> <span class='ocrx_word' id='word_1_60' title='bbox 525 1496 588 1548; x_wconf 85' lang='lat' dir='ltr'>iam</span> <span class='ocrx_word' id='word_1_61' title='bbox 602 1483 760 1569; x_wconf 81' lang='lat' dir='ltr'>fidelium</span> <span class='ocrx_word' id='word_1_62' title='bbox 776 1487 833 1568; x_wconf 75' lang='lat' dir='ltr'>qni</span> <span class='ocrx_word' id='word_1_63' title='bbox 849 1485 1011 1548; x_wconf 83' lang='lat' dir='ltr'>uniuntur</span> <span class='ocrx_word' id='word_1_64' title='bbox 1026 1484 1091 1548; x_wconf 85' lang='lat' dir='ltr'>sibi</span> <span class='ocrx_word' id='word_1_65' title='bbox 1112 1486 1145 1548; x_wconf 84' lang='lat' dir='ltr'>in</span> <span class='ocrx_word' id='word_1_66' title='bbox 1169 1493 1244 1547; x_wconf 84' lang='lat' dir='ltr'>actu</span> <span class='ocrx_word' id='word_1_67' title='bbox 1262 1502 1326 1565; x_wconf 86' lang='lat' dir='ltr'>per</span> 
     </span>
     <span class='ocr_line' id='line_1_10' title="bbox 335 1588 1326 1678; baseline -0.004 -22"><span class='ocrx_word' id='word_1_68' title='bbox 335 1594 497 1678; x_wconf 82' lang='lat' dir='ltr'>graciam,</span> <span class='ocrx_word' id='word_1_69' title='bbox 514 1610 610 1674; x_wconf 80' lang='lat' dir='ltr'>qnam</span> <span class='ocrx_word' id='word_1_70' title='bbox 627 1588 810 1672; x_wconf 81' lang='lat' dir='ltr'>infidelium</span> <span class='ocrx_word' id='word_1_71' title='bbox 835 1592 892 1674; x_wconf 83' lang='lat' dir='ltr'>qui</span> <span class='ocrx_word' id='word_1_72' title='bbox 912 1598 991 1653; x_wconf 84' lang='lat' dir='ltr'>sunt</span> <span class='ocrx_word' id='word_1_73' title='bbox 1005 1588 1111 1653; x_wconf 86' lang='lat' dir='ltr'>solum</span> <span class='ocrx_word' id='word_1_74' title='bbox 1128 1590 1162 1652; x_wconf 83' lang='lat' dir='ltr'>in</span> <span class='ocrx_word' id='word_1_75' title='bbox 1172 1590 1326 1672; x_wconf 84' lang='lat' dir='ltr'>potencia</span> 
     </span>
    </p>

    <p class='ocr_par' dir='ltr' id='par_1_5' title="bbox 298 1692 1556 2222">
     <span class='ocr_line' id='line_1_11' title="bbox 298 1692 1327 1779; baseline -0.009 -12"><span class='ocrx_word' id='word_1_76' title='bbox 298 1698 407 1767; x_wconf 77' lang='lat' dir='ltr'>ineius</span> <span class='ocrx_word' id='word_1_77' title='bbox 429 1694 586 1771; x_wconf 77' lang='lat' dir='ltr'>snesvrlra,</span> <span class='ocrx_word' id='word_1_78' title='bbox 617 1707 649 1758; x_wconf 95' lang='lat' dir='ltr'>et</span> <span class='ocrx_word' id='word_1_79' title='bbox 673 1709 748 1778; x_wconf 94' lang='lat' dir='ltr'>post</span> <span class='ocrx_word' id='word_1_80' title='bbox 770 1693 941 1758; x_wconf 87' lang='lat' dir='ltr'>subdividit</span> <span class='ocrx_word' id='word_1_81' title='bbox 971 1694 1152 1757; x_wconf 90' lang='lat' dir='ltr'>secundum</span> <span class='ocrx_word' id='word_1_82' title='bbox 1175 1692 1327 1779; x_wconf 86' lang='lat' dir='ltr'>predesti-</span> 
     </span>
     <span class='ocr_line' id='line_1_12' title="bbox 338 1797 1327 1883; baseline -0.005 -17"><span class='ocrx_word' id='word_1_83' title='bbox 338 1816 429 1866; x_wconf 89' lang='lat' dir='ltr'>natos</span> <span class='ocrx_word' id='word_1_84' title='bbox 463 1812 494 1862; x_wconf 92' lang='lat' dir='ltr'>et</span> <span class='ocrx_word' id='word_1_85' title='bbox 526 1798 680 1883; x_wconf 77' lang='lat' dir='ltr'>prescitos</span> <span class='ocrx_word' id='word_1_86' title='bbox 720 1799 774 1883; x_wconf 91' lang='lat' dir='ltr'>qui</span> <span class='ocrx_word' id='word_1_87' title='bbox 813 1800 993 1862; x_wconf 88' lang='lat' dir='ltr'>recedentes</span> <span class='ocrx_word' id='word_1_88' title='bbox 1030 1798 1070 1861; x_wconf 86' lang='lat' dir='ltr'>ab</span> <span class='ocrx_word' id='word_1_89' title='bbox 1107 1797 1170 1863; x_wconf 91' lang='lat' dir='ltr'>hoc</span> <span class='ocrx_word' id='word_1_90' title='bbox 1202 1799 1327 1862; x_wconf 89' lang='lat' dir='ltr'>mundo</span> 
     </span>
     <span class='ocr_line' id='line_1_13' title="bbox 337 1902 1327 1988; baseline -0.003 -17"><span class='ocrx_word' id='word_1_91' title='bbox 337 1905 474 1972; x_wconf 87' lang='lat' dir='ltr'>totaliter</span> <span class='ocrx_word' id='word_1_92' title='bbox 488 1903 637 1967; x_wconf 89' lang='lat' dir='ltr'>desinunt</span> <span class='ocrx_word' id='word_1_93' title='bbox 660 1923 730 1967; x_wconf 89' lang='lat' dir='ltr'>esse</span> <span class='ocrx_word' id='word_1_94' title='bbox 754 1903 896 1967; x_wconf 89' lang='lat' dir='ltr'>membra</span> <span class='ocrx_word' id='word_1_95' title='bbox 912 1903 1041 1970; x_wconf 86' lang='lat' dir='ltr'>Christi.</span> <span class='ocrx_word' id='word_1_96' title='bbox 1066 1903 1107 1967; x_wconf 89' lang='lat' dir='ltr'>Et</span> <span class='ocrx_word' id='word_1_97' title='bbox 1130 1903 1244 1988; x_wconf 87' lang='lat' dir='ltr'>probat</span> <span class='ocrx_word' id='word_1_98' title='bbox 1265 1902 1327 1968; x_wconf 92' lang='lat' dir='ltr'>hoc</span> 
     </span>
     <span class='ocr_line' id='line_1_14' title="bbox 338 2007 1327 2093; baseline -0.001 -19"><span class='ocrx_word' id='word_1_99' title='bbox 338 2008 504 2093; x_wconf 87' lang='lat' dir='ltr'>multipiici</span> <span class='ocrx_word' id='word_1_100' title='bbox 521 2007 656 2072; x_wconf 77' lang='lat' dir='ltr'>racione.</span> <span class='ocrx_word' id='word_1_101' title='bbox 674 2008 842 2086; x_wconf 87' lang='lat' dir='ltr'>Quantum</span> <span class='ocrx_word' id='word_1_102' title='bbox 858 2007 898 2070; x_wconf 93' lang='lat' dir='ltr'>ad</span> <span class='ocrx_word' id='word_1_103' title='bbox 913 2008 976 2072; x_wconf 90' lang='lat' dir='ltr'>hoc</span> <span class='ocrx_word' id='word_1_104' title='bbox 991 2007 1213 2072; x_wconf 90' lang='lat' dir='ltr'>testimonium</span> <span class='ocrx_word' id='word_1_105' title='bbox 1228 2007 1327 2073; x_wconf 88' lang='lat' dir='ltr'>sancti</span> 
     </span>
     <span class='ocr_line' id='line_1_15' title="bbox 337 2111 1556 2222; baseline -0.002 -43"><span class='ocrx_word' id='word_1_106' title='bbox 337 2115 474 2194; x_wconf 87' lang='lat' dir='ltr'>Thorne,</span> <span class='ocrx_word' id='word_1_107' title='bbox 483 2113 608 2177; x_wconf 91' lang='lat' dir='ltr'>videtur</span> <span class='ocrx_word' id='word_1_108' title='bbox 618 2112 715 2176; x_wconf 92' lang='lat' dir='ltr'>michi</span> <span class='ocrx_word' id='word_1_109' title='bbox 731 2113 819 2197; x_wconf 91' lang='lat' dir='ltr'>quod</span> <span class='ocrx_word' id='word_1_110' title='bbox 835 2111 903 2197; x_wconf 92' lang='lat' dir='ltr'>ipse</span> <span class='ocrx_word' id='word_1_111' title='bbox 917 2111 1088 2197; x_wconf 89' lang='lat' dir='ltr'>equivocat</span> <span class='ocrx_word' id='word_1_112' title='bbox 1104 2132 1176 2177; x_wconf 87' lang='lat' dir='ltr'>vere</span> <span class='ocrx_word' id='word_1_113' title='bbox 1189 2112 1325 2178; x_wconf 90' lang='lat' dir='ltr'>dicendo</span> <span class='ocrx_word' id='word_1_114' title='bbox 1335 2117 1383 2216; x_wconf 46' lang='grc' dir='ltr'>,ἐξ</span> <span class='ocrx_word' id='word_1_115' title='bbox 1396 2130 1556 2222; x_wconf 49' lang='grc' dir='ltr'>ἵξοῶξκυ</span> 
     </span>
    </p>

    <p class='ocr_par' dir='ltr' id='par_1_6' title="bbox 299 2217 1526 2722">
     <span class='ocr_line' id='line_1_16' title="bbox 299 2217 1526 2304; baseline 0.004 -22"><span class='ocrx_word' id='word_1_116' title='bbox 299 2219 425 2304; x_wconf 67' lang='grc' dir='ltr'>,εᾳυοά</span> <span class='ocrx_word' id='word_1_117' title='bbox 457 2217 603 2282; x_wconf 91' lang='lat' dir='ltr'>Christus</span> <span class='ocrx_word' id='word_1_118' title='bbox 641 2219 820 2281; x_wconf 89' lang='lat' dir='ltr'>secundum</span> <span class='ocrx_word' id='word_1_119' title='bbox 851 2217 1001 2281; x_wconf 87' lang='lat' dir='ltr'>deitatem</span> <span class='ocrx_word' id='word_1_120' title='bbox 1023 2230 1070 2281; x_wconf 85' lang='lat' dir='ltr'>cst</span> <span class='ocrx_word' id='word_1_121' title='bbox 1092 2218 1188 2302; x_wconf 85' lang='lat' dir='ltr'>caput</span> <span class='ocrx_word' id='word_1_122' title='bbox 1209 2217 1324 2282; x_wconf 84' lang='lat' dir='ltr'>extrin-</span> <span class='ocrx_word' id='word_1_123' title='bbox 1363 2224 1443 2270; x_wconf 64' lang='lat' dir='ltr'>ioli·</span> <span class='ocrx_word' id='word_1_124' title='bbox 1458 2226 1526 2287; x_wconf 65' lang='lat' dir='ltr'>aen,</span> 
     </span>
     <span class='ocr_line' id='line_1_17' title="bbox 337 2321 1326 2407; baseline -0.003 -20"><span class='ocrx_word' id='word_1_125' title='bbox 337 2344 445 2387; x_wconf 89' lang='lat' dir='ltr'>secum</span> <span class='ocrx_word' id='word_1_126' title='bbox 461 2321 563 2386; x_wconf 91' lang='lat' dir='ltr'>tocius</span> <span class='ocrx_word' id='word_1_127' title='bbox 578 2321 711 2385; x_wconf 89' lang='lat' dir='ltr'>humani</span> <span class='ocrx_word' id='word_1_128' title='bbox 727 2321 864 2405; x_wconf 78' lang='lat' dir='ltr'>generis3</span> <span class='ocrx_word' id='word_1_129' title='bbox 875 2322 966 2407; x_wconf 93' lang='lat' dir='ltr'>quod</span> <span class='ocrx_word' id='word_1_130' title='bbox 980 2335 1087 2407; x_wconf 90' lang='lat' dir='ltr'>potest</span> <span class='ocrx_word' id='word_1_131' title='bbox 1101 2321 1162 2387; x_wconf 90' lang='lat' dir='ltr'>dici</span> <span class='ocrx_word' id='word_1_132' title='bbox 1178 2342 1326 2407; x_wconf 78' lang='lat' dir='ltr'>aggrega·</span> 
     </span>
     <span class='ocr_line' id='line_1_18' title="bbox 336 2426 1326 2511; baseline -0.002 -18"><span class='ocrx_word' id='word_1_133' title='bbox 336 2429 399 2493; x_wconf 90' lang='lat' dir='ltr'>tive</span> <span class='ocrx_word' id='word_1_134' title='bbox 422 2447 522 2490; x_wconf 90' lang='lat' dir='ltr'>unum</span> <span class='ocrx_word' id='word_1_135' title='bbox 546 2447 661 2511; x_wconf 90' lang='lat' dir='ltr'>corpus</span> <span class='ocrx_word' id='word_1_136' title='bbox 685 2428 838 2509; x_wconf 87' lang='lat' dir='ltr'>naturale,</span> <span class='ocrx_word' id='word_1_137' title='bbox 861 2426 911 2490; x_wconf 91' lang='lat' dir='ltr'>cui</span> <span class='ocrx_word' id='word_1_138' title='bbox 935 2427 1038 2491; x_wconf 86' lang='lat' dir='ltr'>eciam</span> <span class='ocrx_word' id='word_1_139' title='bbox 1062 2426 1207 2492; x_wconf 90' lang='lat' dir='ltr'>Christus</span> <span class='ocrx_word' id='word_1_140' title='bbox 1229 2426 1326 2491; x_wconf 90' lang='lat' dir='ltr'>bene·</span> 
     </span>
     <span class='ocr_line' id='line_1_19' title="bbox 338 2530 1321 2613; baseline -0.001 -17"><span class='ocrx_word' id='word_1_141' title='bbox 338 2532 411 2596; x_wconf 90' lang='lat' dir='ltr'>iacit</span> <span class='ocrx_word' id='word_1_142' title='bbox 443 2533 524 2596; x_wconf 90' lang='lat' dir='ltr'>sicut</span> <span class='ocrx_word' id='word_1_143' title='bbox 555 2545 586 2594; x_wconf 90' lang='lat' dir='ltr'>et</span> <span class='ocrx_word' id='word_1_144' title='bbox 622 2530 683 2595; x_wconf 92' lang='lat' dir='ltr'>toti</span> <span class='ocrx_word' id='word_1_145' title='bbox 715 2532 837 2595; x_wconf 92' lang='lat' dir='ltr'>mundo</span> <span class='ocrx_word' id='word_1_146' title='bbox 871 2533 1049 2596; x_wconf 89' lang='lat' dir='ltr'>secundum</span> <span class='ocrx_word' id='word_1_147' title='bbox 1080 2531 1321 2613; x_wconf 68' lang='lat' dir='ltr'>humanitatem,</span> 
     </span>
     <span class='ocr_line' id='line_1_20' title="bbox 339 2635 1326 2722; baseline -0.002 -21"><span class='ocrx_word' id='word_1_148' title='bbox 339 2658 412 2701; x_wconf 90' lang='lat' dir='ltr'>cum</span> <span class='ocrx_word' id='word_1_149' title='bbox 436 2637 549 2701; x_wconf 92' lang='lat' dir='ltr'>virtute</span> <span class='ocrx_word' id='word_1_150' title='bbox 571 2636 730 2719; x_wconf 81' lang='lat' dir='ltr'>passionis</span> <span class='ocrx_word' id='word_1_151' title='bbox 754 2635 869 2700; x_wconf 88' lang='lat' dir='ltr'>Christi</span> <span class='ocrx_word' id='word_1_152' title='bbox 898 2636 1073 2721; x_wconf 89' lang='lat' dir='ltr'>acquiritur</span> <span class='ocrx_word' id='word_1_153' title='bbox 1094 2638 1233 2722; x_wconf 89' lang='lat' dir='ltr'>quedam</span> <span class='ocrx_word' id='word_1_154' title='bbox 1255 2656 1326 2721; x_wconf 90' lang='lat' dir='ltr'>per·</span> 
     </span>
    </p>

    <p class='ocr_par' dir='ltr' id='par_1_7' title="bbox 298 2739 1542 3243">
     <span class='ocr_line' id='line_1_21' title="bbox 298 2739 1542 2853; baseline -0.004 -44"><span class='ocrx_word' id='word_1_155' title='bbox 298 2739 438 2809; x_wconf 79' lang='lat' dir='ltr'>soleccio</span> <span class='ocrx_word' id='word_1_156' title='bbox 484 2740 668 2804; x_wconf 88' lang='lat' dir='ltr'>secundaria</span> <span class='ocrx_word' id='word_1_157' title='bbox 715 2740 775 2805; x_wconf 92' lang='lat' dir='ltr'>toti</span> <span class='ocrx_word' id='word_1_158' title='bbox 818 2743 951 2805; x_wconf 89' lang='lat' dir='ltr'>mundo.</span> <span class='ocrx_word' id='word_1_159' title='bbox 991 2741 1033 2806; x_wconf 87' lang='lat' dir='ltr'>Et</span> <span class='ocrx_word' id='word_1_160' title='bbox 1069 2741 1113 2806; x_wconf 91' lang='lat' dir='ltr'>sic</span> <span class='ocrx_word' id='word_1_161' title='bbox 1150 2742 1328 2806; x_wconf 87' lang='lat' dir='ltr'>secundum</span> <span class='ocrx_word' id='word_1_162' title='bbox 1354 2754 1401 2853; x_wconf 55' lang='lat' dir='ltr'>apt</span> <span class='ocrx_word' id='word_1_163' title='bbox 1418 2757 1542 2821; x_wconf 64' lang='lat' dir='ltr'>assona</span> 
     </span>
     <span class='ocr_line' id='line_1_22' title="bbox 340 2819 1514 2929; baseline 0.003 -21"><span class='ocrx_word' id='word_1_164' title='bbox 340 2845 569 2910; x_wconf 84' lang='lat' dir='ltr'>humanitatem</span> <span class='ocrx_word' id='word_1_165' title='bbox 612 2843 770 2909; x_wconf 82' lang='lat' dir='ltr'>benefacit</span> <span class='ocrx_word' id='word_1_166' title='bbox 810 2846 868 2910; x_wconf 90' lang='lat' dir='ltr'>toti</span> <span class='ocrx_word' id='word_1_167' title='bbox 911 2846 1057 2910; x_wconf 91' lang='lat' dir='ltr'>humano</span> <span class='ocrx_word' id='word_1_168' title='bbox 1094 2847 1210 2929; x_wconf 80' lang='lat' dir='ltr'>generi,</span> <span class='ocrx_word' id='word_1_169' title='bbox 1252 2865 1328 2911; x_wconf 91' lang='lat' dir='ltr'>cum</span> <span class='ocrx_word' id='word_1_170' title='bbox 1393 2819 1514 2870; x_wconf 42' lang='lat' dir='ltr'>mm*</span> 
     </span>
     <span class='ocr_line' id='line_1_23' title="bbox 339 2949 1329 3035; baseline 0 -21"><span class='ocrx_word' id='word_1_171' title='bbox 339 2951 431 3035; x_wconf 92' lang='lat' dir='ltr'>punit</span> <span class='ocrx_word' id='word_1_172' title='bbox 457 2970 570 3014; x_wconf 88' lang='lat' dir='ltr'>omnes</span> <span class='ocrx_word' id='word_1_173' title='bbox 598 2951 801 3034; x_wconf 88' lang='lat' dir='ltr'>dampnatos,</span> <span class='ocrx_word' id='word_1_174' title='bbox 833 2951 881 3014; x_wconf 91' lang='lat' dir='ltr'>vel</span> <span class='ocrx_word' id='word_1_175' title='bbox 917 2972 956 3015; x_wconf 84' lang='lat' dir='ltr'>ex</span> <span class='ocrx_word' id='word_1_176' title='bbox 987 2949 1183 3032; x_wconf 85' lang='lat' dir='ltr'>infidelitate,</span> <span class='ocrx_word' id='word_1_177' title='bbox 1209 2965 1246 3014; x_wconf 87' lang='lat' dir='ltr'>ut</span> <span class='ocrx_word' id='word_1_178' title='bbox 1273 2971 1329 3016; x_wconf 89' lang='lat' dir='ltr'>eos</span> 
     </span>
     <span class='ocr_line' id='line_1_24' title="bbox 338 3054 1328 3140; baseline -0.001 -21"><span class='ocrx_word' id='word_1_179' title='bbox 338 3056 393 3140; x_wconf 92' lang='lat' dir='ltr'>qui</span> <span class='ocrx_word' id='word_1_180' title='bbox 427 3076 491 3120; x_wconf 91' lang='lat' dir='ltr'>non</span> <span class='ocrx_word' id='word_1_181' title='bbox 522 3055 724 3118; x_wconf 86' lang='lat' dir='ltr'>considerant</span> <span class='ocrx_word' id='word_1_182' title='bbox 754 3054 787 3117; x_wconf 90' lang='lat' dir='ltr'>in</span> <span class='ocrx_word' id='word_1_183' title='bbox 819 3055 991 3121; x_wconf 89' lang='lat' dir='ltr'>dominum</span> <span class='ocrx_word' id='word_1_184' title='bbox 1017 3057 1127 3120; x_wconf 90' lang='lat' dir='ltr'>Jesum</span> <span class='ocrx_word' id='word_1_185' title='bbox 1153 3054 1328 3137; x_wconf 88' lang='lat' dir='ltr'>Christum,</span> 
     </span>
     <span class='ocr_line' id='line_1_25' title="bbox 339 3159 1328 3243; baseline 0.003 -22"><span class='ocrx_word' id='word_1_186' title='bbox 339 3162 389 3224; x_wconf 89' lang='lat' dir='ltr'>vel</span> <span class='ocrx_word' id='word_1_187' title='bbox 410 3180 446 3223; x_wconf 86' lang='lat' dir='ltr'>er</span> <span class='ocrx_word' id='word_1_188' title='bbox 472 3159 694 3242; x_wconf 89' lang='lat' dir='ltr'>desperacione</span> <span class='ocrx_word' id='word_1_189' title='bbox 718 3179 782 3243; x_wconf 89' lang='lat' dir='ltr'>qua</span> <span class='ocrx_word' id='word_1_190' title='bbox 805 3159 934 3224; x_wconf 90' lang='lat' dir='ltr'>dimissa</span> <span class='ocrx_word' id='word_1_191' title='bbox 956 3161 1136 3225; x_wconf 90' lang='lat' dir='ltr'>debuerunt</span> <span class='ocrx_word' id='word_1_192' title='bbox 1162 3160 1328 3224; x_wconf 89' lang='lat' dir='ltr'>celestibus</span> 
     </span>
    </p>

    <p class='ocr_par' dir='ltr' id='par_1_8' title="bbox 300 3264 1330 3535">
     <span class='ocr_line' id='line_1_26' title="bbox 300 3264 1328 3351; baseline 0.001 -24"><span class='ocrx_word' id='word_1_193' title='bbox 300 3280 329 3332; x_wconf 79' lang='lat'>25</span> <span class='ocrx_word' id='word_1_194' title='bbox 340 3264 485 3348; x_wconf 84' lang='lat' dir='ltr'>aspirare,</span> <span class='ocrx_word' id='word_1_195' title='bbox 513 3264 562 3324; x_wconf 94' lang='lat' dir='ltr'>vel</span> <span class='ocrx_word' id='word_1_196' title='bbox 589 3264 688 3326; x_wconf 90' lang='lat' dir='ltr'>tercio</span> <span class='ocrx_word' id='word_1_197' title='bbox 712 3265 751 3326; x_wconf 93' lang='lat' dir='ltr'>de</span> <span class='ocrx_word' id='word_1_198' title='bbox 774 3264 891 3328; x_wconf 91' lang='lat' dir='ltr'>iudicio</span> <span class='ocrx_word' id='word_1_199' title='bbox 915 3265 1083 3329; x_wconf 89' lang='lat' dir='ltr'>temerario</span> <span class='ocrx_word' id='word_1_200' title='bbox 1107 3285 1172 3351; x_wconf 93' lang='lat' dir='ltr'>quo</span> <span class='ocrx_word' id='word_1_201' title='bbox 1195 3264 1328 3329; x_wconf 90' lang='lat' dir='ltr'>dimisso</span> 
     </span>
     <span class='ocr_line' id='line_1_27' title="bbox 341 3366 1330 3434; baseline 0.004 -4"><span class='ocrx_word' id='word_1_202' title='bbox 341 3368 516 3430; x_wconf 87' lang='lat' dir='ltr'>debuerunt</span> <span class='ocrx_word' id='word_1_203' title='bbox 553 3366 688 3429; x_wconf 91' lang='lat' dir='ltr'>domino</span> <span class='ocrx_word' id='word_1_204' title='bbox 727 3369 800 3432; x_wconf 91' lang='lat' dir='ltr'>Jesu</span> <span class='ocrx_word' id='word_1_205' title='bbox 838 3368 967 3433; x_wconf 92' lang='lat' dir='ltr'>Christo</span> <span class='ocrx_word' id='word_1_206' title='bbox 998 3369 1159 3434; x_wconf 86' lang='lat' dir='ltr'>caritative</span> <span class='ocrx_word' id='word_1_207' title='bbox 1195 3368 1330 3434; x_wconf 85' lang='lat' dir='ltr'>finaliter</span> 
     </span>
     <span class='ocr_line' id='line_1_28' title="bbox 341 3470 498 3535; baseline 0.013 -3"><span class='ocrx_word' id='word_1_208' title='bbox 341 3470 498 3535; x_wconf 87' lang='lat' dir='ltr'>adherere.</span> 
     </span>
    </p>

    <p class='ocr_par' dir='ltr' id='par_1_9' title="bbox 302 3573 1327 3661">
     <span class='ocr_line' id='line_1_29' title="bbox 302 3573 1327 3661; baseline 0.007 -26"><span class='ocrx_word' id='word_1_209' title='bbox 302 3594 332 3647; x_wconf 70' lang='grc' dir='ltr'><strong>Κ</strong></span> <span class='ocrx_word' id='word_1_210' title='bbox 384 3574 424 3638; x_wconf 87' lang='lat' dir='ltr'>Et</span> <span class='ocrx_word' id='word_1_211' title='bbox 446 3573 489 3637; x_wconf 89' lang='lat' dir='ltr'>sic</span> <span class='ocrx_word' id='word_1_212' title='bbox 504 3573 701 3660; x_wconf 58' lang='lat' dir='ltr'>‘intelligitur</span> <span class='ocrx_word' id='word_1_213' title='bbox 728 3575 840 3661; x_wconf 85' lang='lat' dir='ltr'>triplex</span> <span class='ocrx_word' id='word_1_214' title='bbox 867 3577 1001 3641; x_wconf 88' lang='lat' dir='ltr'>causalis</span> <span class='ocrx_word' id='word_1_215' title='bbox 1030 3576 1147 3643; x_wconf 91' lang='lat' dir='ltr'>Christi</span> <span class='ocrx_word' id='word_1_216' title='bbox 1173 3577 1327 3643; x_wconf 83' lang='lat' dir='ltr'>iohannis</span> 
     </span>
    </p>
   </div>
   <div class='ocr_carea' id='block_1_5' title="bbox 339 3667 1330 3765">
    <p class='ocr_par' dir='ltr' id='par_1_10' title="bbox 339 3667 1330 3765">
     <span class='ocr_line' id='line_1_30' title="bbox 339 3667 1330 3765; baseline 0.008 -24"><span class='ocrx_word' id='word_1_217' title='bbox 339 3678 438 3759; x_wconf 74' lang='lat' dir='ltr'>xvv,</span> <span class='ocrx_word' id='word_1_218' title='bbox 460 3679 495 3742; x_wconf 87' lang='lat'>8:</span> <span class='ocrx_word' id='word_1_219' title='bbox 526 3682 652 3765; x_wconf 77' lang='lat' dir='ltr'>Argaei</span> <span class='ocrx_word' id='word_1_220' title='bbox 676 3681 833 3745; x_wconf 74' lang='lat' dir='ltr'>reuredum</span> <span class='ocrx_word' id='word_1_221' title='bbox 856 3680 896 3746; x_wconf 82' lang='lat' dir='ltr'>de</span> <span class='ocrx_word' id='word_1_222' title='bbox 912 3692 1062 3765; x_wconf 86' lang='lat' dir='ltr'>peccato,</span> <span class='ocrx_word' id='word_1_223' title='bbox 1085 3667 1276 3748; x_wconf 57' lang='lat' dir='ltr'>deiuslicia</span> <span class='ocrx_word' id='word_1_224' title='bbox 1298 3694 1330 3749; x_wconf 84' lang='lat' dir='ltr'>ei</span> 
     </span>
    </p>
   </div>
   <div class='ocr_carea' id='block_1_6' title="bbox 340 3882 1329 4155">
    <p class='ocr_par' dir='ltr' id='par_1_11' title="bbox 340 3882 1329 4155">
     <span class='ocr_line' id='line_1_31' title="bbox 381 3882 1327 3948; baseline 0.006 -19"><span class='ocrx_word' id='word_1_225' title='bbox 381 3882 401 3929; x_wconf 77' lang='lat' dir='ltr'>i.</span> <span class='ocrx_word' id='word_1_226' title='bbox 415 3884 438 3928; x_wconf 82' lang='grc' dir='ltr'><strong>Α</strong></span> <span class='ocrx_word' id='word_1_227' title='bbox 457 3883 481 3928; x_wconf 91' lang='lat' dir='ltr'>io</span> <span class='ocrx_word' id='word_1_228' title='bbox 503 3896 591 3942; x_wconf 60' lang='lat' dir='ltr'>marga</span> <span class='ocrx_word' id='word_1_229' title='bbox 614 3883 705 3931; x_wconf 84' lang='lat' dir='ltr'>Contra</span> <span class='ocrx_word' id='word_1_230' title='bbox 726 3885 796 3931; x_wconf 72' lang='lat' dir='ltr'>dicta</span> <span class='ocrx_word' id='word_1_231' title='bbox 821 3885 894 3933; x_wconf 74' lang='lat' dir='ltr'>Notas</span> <span class='ocrx_word' id='word_1_232' title='bbox 920 3886 947 3933; x_wconf 88' lang='lat' dir='ltr'>ln</span> <span class='ocrx_word' id='word_1_233' title='bbox 969 3887 1087 3946; x_wconf 80' lang='lat' dir='ltr'>equivoco</span> <span class='ocrx_word' id='word_1_234' title='bbox 1106 3888 1244 3935; x_wconf 79' lang='lat' dir='ltr'>conceditur</span> <span class='ocrx_word' id='word_1_235' title='bbox 1263 3889 1327 3948; x_wconf 76' lang='lat' dir='ltr'>qnod</span> 
     </span>
     <span class='ocr_line' id='line_1_32' title="bbox 340 3951 1327 4011; baseline 0.01 -14"><span class='ocrx_word' id='word_1_236' title='bbox 340 3951 446 3997; x_wconf 87' lang='lat' dir='ltr'>Christus</span> <span class='ocrx_word' id='word_1_237' title='bbox 459 3963 493 3999; x_wconf 86' lang='lat' dir='ltr'>est</span> <span class='ocrx_word' id='word_1_238' title='bbox 506 3955 582 4011; x_wconf 83' lang='lat' dir='ltr'>capud</span> <span class='ocrx_word' id='word_1_239' title='bbox 597 3962 643 4000; x_wconf 86' lang='lat' dir='ltr'>tam</span> <span class='ocrx_word' id='word_1_240' title='bbox 659 3956 764 4001; x_wconf 79' lang='lat' dir='ltr'>fidelium</span> <span class='ocrx_word' id='word_1_241' title='bbox 779 3967 849 4007; x_wconf 78' lang='lat' dir='ltr'>cuam</span> <span class='ocrx_word' id='word_1_242' title='bbox 864 3958 991 4003; x_wconf 84' lang='lat' dir='ltr'>inhdeiinm</span> <span class='ocrx_word' id='word_1_243' title='bbox 1006 3959 1122 4005; x_wconf 81' lang='lat' dir='ltr'>omnium.</span> <span class='ocrx_word' id='word_1_244' title='bbox 1235 3959 1257 4006; x_wconf 86' lang='grc'>6.</span> <span class='ocrx_word' id='word_1_245' title='bbox 1272 3959 1290 4006; x_wconf 80' lang='grc' dir='ltr'><strong>Β</strong></span> <span class='ocrx_word' id='word_1_246' title='bbox 1303 3960 1327 4007; x_wconf 88' lang='lat' dir='ltr'>io</span> 
     </span>
     <span class='ocr_line' id='line_1_33' title="bbox 340 4021 1329 4086; baseline 0.008 -20"><span class='ocrx_word' id='word_1_247' title='bbox 340 4033 425 4079; x_wconf 55' lang='lat' dir='ltr'>marga</span> <span class='ocrx_word' id='word_1_248' title='bbox 441 4021 466 4068; x_wconf 88' lang='lat' dir='ltr'>S.</span> <span class='ocrx_word' id='word_1_249' title='bbox 480 4023 594 4070; x_wconf 82' lang='lat' dir='ltr'>Thomas.</span> <span class='ocrx_word' id='word_1_250' title='bbox 615 4024 662 4070; x_wconf 80' lang='grc' dir='ltr'>ΑΒ</span> <span class='ocrx_word' id='word_1_251' title='bbox 684 4027 708 4071; x_wconf 88' lang='lat' dir='ltr'>in</span> <span class='ocrx_word' id='word_1_252' title='bbox 729 4038 816 4084; x_wconf 58' lang='lat' dir='ltr'>marne</span> <span class='ocrx_word' id='word_1_253' title='bbox 833 4026 957 4072; x_wconf 86' lang='lat' dir='ltr'>Obieccio.</span> <span class='ocrx_word' id='word_1_254' title='bbox 1086 4025 1115 4073; x_wconf 80' lang='lat' dir='ltr'>vi.</span> <span class='ocrx_word' id='word_1_255' title='bbox 1130 4027 1177 4075; x_wconf 77' lang='lat' dir='ltr'>AB</span> <span class='ocrx_word' id='word_1_256' title='bbox 1196 4028 1221 4075; x_wconf 90' lang='lat' dir='ltr'>in</span> <span class='ocrx_word' id='word_1_257' title='bbox 1240 4040 1329 4086; x_wconf 54' lang='lat' dir='ltr'>maras</span> 
     </span>
     <span class='ocr_line' id='line_1_34' title="bbox 340 4089 1249 4155; baseline 0.01 -20"><span class='ocrx_word' id='word_1_258' title='bbox 340 4089 478 4148; x_wconf 82' lang='lat' dir='ltr'>Responsio.</span> <span class='ocrx_word' id='word_1_259' title='bbox 558 4094 591 4138; x_wconf 79' lang='lat'>16.</span> <span class='ocrx_word' id='word_1_260' title='bbox 607 4094 637 4138; x_wconf 75' lang='lat' dir='ltr'>iic</span> <span class='ocrx_word' id='word_1_261' title='bbox 653 4108 790 4154; x_wconf 69' lang='lat' dir='ltr'>aggregare.</span> <span class='ocrx_word' id='word_1_262' title='bbox 868 4109 904 4155; x_wconf 83' lang='lat'>²⁹·</span> <span class='ocrx_word' id='word_1_263' title='bbox 919 4098 968 4145; x_wconf 79' lang='grc' dir='ltr'>ΑΒ</span> <span class='ocrx_word' id='word_1_264' title='bbox 982 4098 1006 4142; x_wconf 88' lang='lat' dir='ltr'>io</span> <span class='ocrx_word' id='word_1_265' title='bbox 1021 4110 1109 4155; x_wconf 58' lang='lat' dir='ltr'>maras</span> <span class='ocrx_word' id='word_1_266' title='bbox 1122 4096 1176 4144; x_wconf 85' lang='lat' dir='ltr'>ioh.</span> <span class='ocrx_word' id='word_1_267' title='bbox 1187 4097 1249 4145; x_wconf 74' lang='lat' dir='ltr'>xvi.</span> 
     </span>
    </p>
   </div>
   <div class='ocr_carea' id='block_1_7' title="bbox 328 4269 1416 4610">
    <p class='ocr_par' dir='ltr' id='par_1_12' title="bbox 328 4269 1416 4610">
     <span class='ocr_line' id='line_1_35' title="bbox 383 4269 1416 4349; baseline 0.011 -28"><span class='ocrx_word' id='word_1_268' title='bbox 383 4285 407 4322; x_wconf 82' lang='lat' dir='ltr'>a.</span> <span class='ocrx_word' id='word_1_269' title='bbox 426 4270 466 4322; x_wconf 87' lang='lat' dir='ltr'>Ci.</span> <span class='ocrx_word' id='word_1_270' title='bbox 484 4272 596 4343; x_wconf 79' lang='lat' dir='ltr'>Gregor.</span> <span class='ocrx_word' id='word_1_271' title='bbox 618 4275 748 4342; x_wconf 79' lang='lat' dir='ltr'>(Reguiae</span> <span class='ocrx_word' id='word_1_272' title='bbox 776 4287 843 4344; x_wconf 79' lang='lat' dir='ltr'>pase</span> <span class='ocrx_word' id='word_1_273' title='bbox 866 4275 911 4327; x_wconf 91' lang='lat' dir='ltr'>iib.</span> <span class='ocrx_word' id='word_1_274' title='bbox 929 4275 948 4339; x_wconf 90' lang='lat' dir='ltr'>i,</span> <span class='ocrx_word' id='word_1_275' title='bbox 971 4292 1029 4345; x_wconf 79' lang='lat' dir='ltr'>cap.</span> <span class='ocrx_word' id='word_1_276' title='bbox 1049 4278 1095 4342; x_wconf 71' lang='lat' dir='ltr'>iii:</span> <span class='ocrx_word' id='word_1_277' title='bbox 1120 4275 1205 4331; x_wconf 77' lang='lat' dir='ltr'>Nemo</span> <span class='ocrx_word' id='word_1_278' title='bbox 1228 4277 1328 4349; x_wconf 89' lang='lat' dir='ltr'>quippe</span> <span class='ocrx_word' id='word_1_279' title='bbox 1414 4269 1416 4272; x_wconf 10' lang='grc' dir='ltr'><em>Α</em></span> 
     </span>
     <span class='ocr_line' id='line_1_36' title="bbox 340 4357 1327 4432; baseline 0.012 -25"><span class='ocrx_word' id='word_1_280' title='bbox 340 4358 453 4425; x_wconf 83' lang='lat' dir='ltr'>amplius</span> <span class='ocrx_word' id='word_1_281' title='bbox 471 4357 497 4409; x_wconf 90' lang='lat' dir='ltr'>in</span> <span class='ocrx_word' id='word_1_282' title='bbox 516 4358 625 4412; x_wconf 85' lang='lat' dir='ltr'>ecclesie</span> <span class='ocrx_word' id='word_1_283' title='bbox 644 4372 724 4414; x_wconf 90' lang='lat' dir='ltr'>nocet</span> <span class='ocrx_word' id='word_1_284' title='bbox 750 4377 831 4430; x_wconf 85' lang='lat' dir='ltr'>quam</span> <span class='ocrx_word' id='word_1_285' title='bbox 849 4363 894 4430; x_wconf 88' lang='lat' dir='ltr'>qui</span> <span class='ocrx_word' id='word_1_286' title='bbox 917 4377 1042 4431; x_wconf 86' lang='lat' dir='ltr'>perverso</span> <span class='ocrx_word' id='word_1_287' title='bbox 1064 4379 1146 4432; x_wconf 77' lang='lat' dir='ltr'>agens</span> <span class='ocrx_word' id='word_1_288' title='bbox 1164 4380 1263 4418; x_wconf 88' lang='lat' dir='ltr'>nomen</span> <span class='ocrx_word' id='word_1_289' title='bbox 1284 4367 1327 4418; x_wconf 84' lang='lat' dir='ltr'>vei</span> 
     </span>
     <span class='ocr_line' id='line_1_37' title="bbox 339 4444 1327 4522; baseline 0.015 -29"><span class='ocrx_word' id='word_1_290' title='bbox 339 4444 459 4495; x_wconf 86' lang='lat' dir='ltr'>ordinem</span> <span class='ocrx_word' id='word_1_291' title='bbox 477 4448 620 4500; x_wconf 83' lang='lat' dir='ltr'>sanctitatis</span> <span class='ocrx_word' id='word_1_292' title='bbox 632 4448 722 4500; x_wconf 83' lang='lat' dir='ltr'>habet.</span> <span class='ocrx_word' id='word_1_293' title='bbox 740 4448 819 4502; x_wconf 83' lang='lat' dir='ltr'>Corsi.</span> <span class='ocrx_word' id='word_1_294' title='bbox 830 4448 889 4501; x_wconf 87' lang='lat' dir='ltr'>dist.</span> <span class='ocrx_word' id='word_1_295' title='bbox 900 4447 1037 4516; x_wconf 78' lang='grc'><strong>1111111111,</strong></span> <span class='ocrx_word' id='word_1_296' title='bbox 1055 4466 1112 4518; x_wconf 79' lang='lat' dir='ltr'>cr,</span> <span class='ocrx_word' id='word_1_297' title='bbox 1130 4452 1327 4522; x_wconf 58' lang='lat' dir='ltr'>comunem</span> 
     </span>
     <span class='ocr_line' id='line_1_38' title="bbox 328 4525 1275 4610; baseline 0.016 -31"><span class='ocrx_word' id='word_1_298' title='bbox 328 4525 355 4579; x_wconf 81' lang='lat'>6.</span> <span class='ocrx_word' id='word_1_299' title='bbox 375 4529 496 4584; x_wconf 74' lang='lat' dir='ltr'>&#39;rhomae</span> <span class='ocrx_word' id='word_1_300' title='bbox 516 4533 612 4603; x_wconf 77' lang='lat' dir='ltr'>hquln</span> <span class='ocrx_word' id='word_1_301' title='bbox 631 4533 704 4604; x_wconf 86' lang='lat' dir='ltr'>Opp.</span> <span class='ocrx_word' id='word_1_302' title='bbox 723 4535 784 4603; x_wconf 81' lang='lat' dir='ltr'>(Ed.</span> <span class='ocrx_word' id='word_1_303' title='bbox 805 4537 897 4589; x_wconf 83' lang='lat' dir='ltr'>venet.</span> <span class='ocrx_word' id='word_1_304' title='bbox 920 4535 998 4608; x_wconf 79' lang='lat'>¹77⁴)</span> <span class='ocrx_word' id='word_1_305' title='bbox 1016 4549 1084 4594; x_wconf 85' lang='lat' dir='ltr'>tom.</span> <span class='ocrx_word' id='word_1_306' title='bbox 1104 4540 1135 4607; x_wconf 84' lang='lat' dir='ltr'>V,</span> <span class='ocrx_word' id='word_1_307' title='bbox 1152 4555 1213 4610; x_wconf 65' lang='lat' dir='ltr'>pag.</span> <span class='ocrx_word' id='word_1_308' title='bbox 1232 4539 1275 4595; x_wconf 77' lang='lat'>51.</span> 
     </span>
    </p>
   </div>
   <div class='ocr_carea' id='block_1_8' title="bbox 0 0 1637 5226">
    <p class='ocr_par' dir='ltr' id='par_1_13' title="bbox 0 0 1637 5226">
     <span class='ocr_line' id='line_1_39' title="bbox 0 0 1637 5226; baseline 0 0"><span class='ocrx_word' id='word_1_309' title='bbox 0 0 1637 5226; x_wconf 95' lang='lat' dir='ltr'> </span> 
     </span>
    </p>
   </div>
  </div>
 </body>
</html>
