3262 5226
489 660 658 715 Jouauuts
674 656 825 713 wucttr.
1003 632 1085 725 [can.
1100 646 1153 694 xx

164 818 228 904 sui
243 809 247 814 ’
263 828 345 902 aput
378 837 443 882 uos.
483 808 524 882 Et
551 815 708 903 sequitur:
742 813 788 880 Os
820 822 967 877 nostrum
995 820 1088 895 potet
1119 809 1276 896 od195⁴0

174 941 231 987 uos
252 943 273 987 o
298 921 450 987 Corinthi.
477 912 643 1002 Ordinem,
665 918 779 1005 inquit,
807 917 918 1004 posuit
948 916 1064 1003 lingue
1093 934 1165 997 sue,

177 1025 318 1090 laudans
348 1038 526 1092 creatorem
558 1036 590 1090 et
618 1025 795 1111 quamlibet
819 1033 1006 1088 ereaturam
1040 1021 1073 1085 in
1105 1040 1166 1084 suo

175 1129 297 1212 ordine,
328 1130 378 1195 vel
411 1129 551 1216 pulcrius
587 1129 650 1195 hoc
686 1128 797 1193 ordine
835 1148 902 1213 quo
943 1126 1045 1190 bomo
1081 1138 1167 1190 amat

178 1234 334 1321 quidlibet
366 1255 431 1299 non
462 1248 498 1299 ut
531 1226 617 1298 aliud
642 1228 794 1298 redvers
822 1232 856 1295 in
879 1230 992 1295 ordine
1014 1228 1191 1296 bonitatiss

179 1359 247 1424 quo
263 1339 350 1403 Deus
364 1337 472 1423 ipsum
486 1338 604 1423 posuit.
628 1339 722 1402 Tunc
737 1334 824 1401 caim
845 1356 917 1400 vere
936 1334 1046 1420 ipsum
1066 1332 1167 1416 diligit

180 1457 216 1508 ut
230 1464 263 1508 se
278 1441 402 1528 ipsum;
424 1441 509 1507 unde
531 1441 691 1528 signanter
712 1456 814 1506 mater
837 1452 943 1504 nostra
958 1436 1168 1504 Canticorum

179 1548 233 1629 11⁰,
264 1566 289 1630 4
319 1547 505 1632 desponsa
533 1560 677 1612 testatur:
714 1543 894 1622 Ordinouit,
921 1543 1038 1629 inquit,
1058 1544 1093 1608 in
1117 1563 1168 1608 me

181 1645 359 1717 caritatem.
388 1651 450 1717 Sed
472 1650 609 1736 quiaad
631 1650 710 1715 illud
731 1648 901 1736 requiritur
922 1647 1042 1713 noticia
1063 1647 1167 1731 philo·

181 1755 313 1841 sophica
348 1749 417 1841 'qua
457 1756 585 1820 ordiner
625 1754 804 1820 bonitatum
848 1774 954 1818 rerum
991 1752 1167 1818 secundum
1180 1780 1211 1818 ιο
1272 1772 1274 1776 ’

127 1905 132 1917 .
183 1858 374 1945 sapienciam
390 1873 637 1944 cognoscuntur,
659 1859 731 1922 ideo
754 1872 843 1922 sexto
858 1855 984 1921 decimo
1007 1870 1038 1919 et
1053 1856 1210 1922 attimaro

184 1964 227 2028 ita
247 1964 370 2029 subdit:
389 1963 608 2028 considerauit
627 1965 761 2030 semitas
783 1962 898 2027 domus
918 1981 978 2026 sue
999 1971 1030 2026 et
1046 1981 1168 2046 ponem

183 2069 324 2133 ociosum
348 2088 410 2132 uon
433 2067 580 2135 eomedit.
604 2066 669 2145 Qui
693 2066 779 2132 enim
801 2066 968 2151 vigilanter
990 2065 1169 2130 consideret

184 2170 269 2237 vium
301 2193 357 2258 per
388 2193 487 2258 quum
517 2186 659 2235 sanctam
685 2185 821 2236 matrem
850 2169 1017 2236 ecclesiam
1043 2184 1171 2255 oportet

185 2277 218 2340 in
240 2277 346 2342 Deum
368 2278 545 2358 ascendere,
567 2275 817 2361 contemplando
839 2275 947 2360 ipsum
970 2276 1115 2339 ordinate
1137 2274 1170 2338 in
1184 2290 1213 2342 15

188 2381 253 2446 suis
276 2379 447 2464 effectibus,
463 2380 535 2445 ocio
549 2380 699 2466 culpabili
723 2401 788 2445 nou
805 2380 937 2462 vacabit,
952 2401 1030 2444 cum
1044 2393 1172 2464 oportet

186 2507 262 2551 eum
284 2485 425 2551 studiose
447 2485 574 2571 vigilare
596 2487 637 2550 ad
661 2484 745 2550 iores
767 2484 925 2570 sapiencie
946 2484 1092 2549 increase.
1133 2484 1172 2549 Et

188 2591 220 2654 iu
243 2590 310 2655 istis
332 2590 471 2655 sedecim
493 2604 554 2655 stat
576 2588 720 2655 officium
742 2589 853 2655 mauis
875 2603 992 2656 nostre.

138 2728 179 2776 g,
231 2696 348 2773 Quoad
362 2694 490 2760 terciam
500 2710 621 2780 partem
632 2694 755 2759 Cantici
769 2694 790 2740 *
802 2715 866 2781 qua
875 2694 1070 2758 declamatur
1078 2693 1172 2757 huius
1187 2706 1245 2778 ιφ·
1260 2706 1287 2760 Ρ

188 2813 332 2864 matrone
351 2799 550 2885 preconium,
573 2799 680 2885 primo
700 2799 744 2863 sic
766 2799 926 2864 subditur:
951 2799 1174 2864 surrexerunt
1184 2829 1217 2866 ιο

127 2937 140 2981 ι
176 2904 246 2991 filii
272 2904 341 2968 eius
372 2915 403 2968 et
432 2904 649 2970 beatissimam
677 2903 931 2988 predicaverunt
962 2913 993 2967 et
1023 2903 1074 2967 uir
1104 2902 1174 2998 eius

127 3003 132 3034 ²
139 2988 170 3088 ,¹1⁸1
190 3008 332 3072 laudauit
357 3029 437 3073 eom.
476 3007 714 3072 Testimonium
741 3007 904 3071 inlallibile
939 3008 1043 3073 laudis
1078 3008 1199 3076 huiust

128 3095 160 3192 {⁶
189 3112 319 3176 domine
352 3113 474 3198 capitur
500 3114 701 3178 ascendendo
733 3133 752 3177 a
779 3113 911 3177 testibus
947 3112 1081 3197 expertis
1119 3114 1175 3197 qui

190 3232 390 3282 surrexerunt
411 3239 429 3281 a
445 3217 577 3282 miseriis
592 3217 687 3282 buius
710 3217 759 3281 vie
775 3238 878 3302 usque
900 3218 940 3280 ad
955 3217 1175 3282 testimonium

191 3320 247 3384 viri
262 3320 321 3385 sui.
338 3321 407 3405 lpse
429 3321 514 3384 enim
538 3336 585 3386 est
604 3322 718 3387 veritas
740 3322 886 3404 increata,
902 3322 1056 3385 lobannis
1069 3323 1218 3405 X1V0325

192 3425 284 3489 multi
308 3425 394 3488 enim
416 3440 618 3491 surrexerunt
640 3448 658 3489 a
681 3427 867 3512 purgatorio
898 3441 929 3490 et
957 3448 976 3489 a
996 3426 1098 3490 limbo
1120 3428 1176 3512 qui

193 3530 470 3596 communicarunt
485 3532 578 3596 nobis
593 3530 743 3595 noticiam
761 3532 800 3595 de
816 3531 1009 3594 beatitudine
1032 3545 1063 3594 et
1077 3531 1178 3616 gloria

193 3634 323 3698 ecclesie
345 3636 578 3720 triumphantis,
610 3650 641 3699 et
663 3635 776 3700 veritas
803 3649 933 3699 testatur
960 3635 993 3697 in
1017 3633 1099 3700 lacto
1122 3656 1178 3699 sue

194 3737 479 3823 transfigurationis
502 3755 533 3805 et
554 3741 586 3803 in
602 3739 704 3803 verbis
727 3759 783 3802 sue
802 3738 1029 3823 predicacionis
1051 3740 1179 3804 laudem

194 3864 309 3927 sponse
325 3844 454 3908 Matthei
470 3845 570 3925 XXV,
594 3845 649 3926 34:
677 3841 787 3907 Venite
802 3842 961 3907 benedicti
977 3846 1088 3927 patris
1103 3847 1178 3924 mei,
1189 3863 1222 3915 30

190 3948 349 4032 percipite
366 3958 522 4032 paratum
546 3948 633 4013 uobis
655 3963 812 4033 regnum,·
833 3962 864 4011 et
885 3948 1029 4033 sequitur
1048 3949 1179 4014 verbum

195 4051 310 4117 laudis:
342 4050 474 4118 Esurivi
509 4053 592 4118 euim
626 4062 658 4117 et
688 4052 817 4117 dedistis
855 4052 932 4116 milri
969 4053 1183 4132 manducem

235 4300 252 4335 ι.
267 4288 361 4336 coddr
375 4291 437 4349 apud
451 4302 502 4337 vos.
620 4287 651 4337 a.
665 4289 749 4336 Rectus
763 4289 854 4336 ociosa
965 4303 997 4349 ιγ.
1011 4292 1046 4339 As
1058 4291 1088 4338 ad
1101 4292 1181 4338 torte&

196 4369 230 4417 ¹9·
244 4361 267 4406 Α
276 4360 300 4405 ln
310 4360 495 4430 mtm'l'ateiu
504 4372 568 4431 pars.
627 4424 630 4430 Ι
646 4358 677 4408 3ι.
685 4359 843 4418 perclpttesla
852 4360 1182 4418 tertubtrtthaetspossldetu

242 4570 546 4650 ι.ΙΙ.(;ι)ι·.ι11,ιι.Ι
639 4652 643 4660 ⁸
