3262 5226
709 525 878 581 tonsurus
897 525 1043 578 wtctrr.
1228 502 1359 596 [cmvi.

385 694 418 748 et
439 685 563 749 adhesit
585 685 684 747 uxori
705 703 772 764 sue,
802 682 858 746 sed
888 681 968 745 illud
994 682 1115 745 dictum
1137 695 1264 765 oportet
1286 700 1361 744 sane
1374 692 1474 760 r4o¹0

386 787 526 874 intelligi.
560 789 643 852 Nam
670 786 815 851 Christus
850 783 1014 850 assumens
1045 784 1125 849 iilud
1144 779 1256 870 'quod'
1276 785 1363 869 prius

387 912 454 957 non
475 904 539 957 etat
560 911 628 955 non
649 889 787 975 perdidit
810 891 860 954 vei
881 890 972 954 desiit
994 911 1062 955 esse
1082 890 1163 955 iliud
1184 892 1272 977 quod
1287 904 1364 972 erat,

387 995 462 1082 quia
481 1007 589 1060 manet
597 994 743 1059 absolute
757 994 932 1060 necessario
948 993 1124 1059 eternaliter
1137 995 1252 1079 plenus
1268 996 1363 1078 Deus,

387 1101 443 1164 sed
462 1098 588 1185 reliquit
609 1086 802 1164 assumendo
817 1097 1050 1163 humanitatem
1071 1119 1139 1164 esse
1153 1101 1388 1181 soiumDeus,5

387 1223 461 1268 cum
483 1202 542 1269 iuit
563 1202 745 1269 humanitas
776 1223 840 1289 que
861 1217 909 1270 est
938 1203 1025 1269 aliud
1056 1224 1154 1289 quarn
1184 1203 1291 1269 deitas.
1323 1204 1364 1268 Et

386 1307 507 1372 sicubi
538 1307 626 1393 priua
652 1307 712 1373 iuit
743 1328 868 1373 summe
900 1309 1011 1372 beatus
1042 1328 1116 1372 cum
1147 1323 1233 1392 patre
1264 1320 1364 1374 stante

387 1411 440 1478 iila
460 1412 654 1478 beatitudine
676 1433 752 1477 cum
772 1427 861 1498 patre
882 1411 1055 1497 assumpsit
1075 1412 1234 1476 miseriam
1257 1413 1363 1478 irater·

163 1524 463 1627 {llil'cl‘ffi'ssimm
486 1516 683 1583 condicionis
705 1516 854 1599 humane,
877 1516 967 1581 etsie
983 1516 1109 1602 reliquit
1122 1531 1257 1584 matrem
1271 1539 1363 1605 syna·

179 1634 222 1678 sb·
236 1630 368 1677 uenerat.
387 1641 517 1706 gogam,
539 1642 607 1686 non
628 1623 802 1686 deserendo
824 1621 968 1685 membra
982 1621 1193 1704 predestinata
1213 1621 1246 1686 in
1268 1623 1363 1687 veteri
1376 1647 1407 1684 ιο

387 1740 586 1810 testamento,
598 1727 653 1790 sed
668 1726 796 1790 cumeis
810 1726 1004 1790 assumendo
1018 1725 1186 1792 eeclesiam
1201 1728 1362 1812 gencium,

386 1828 437 1917 (ut
445 1831 723 1915 docetApostoius
733 1832 953 1896 Romanorum
963 1831 1031 1913 lX⁰‚
1042 1830 1364 1918 24).Verumptamen

385 1936 505 2000 multos
531 1935 693 2001 carnaliter
714 1936 827 2001 iudeos
846 1936 973 2021 reliquit
993 1952 1156 2022 tamquam
1175 1937 1300 2022 ineptos
1324 1938 1364 2001 ad

384 2040 533 2105 fabricam
543 2055 649 2106 sancte
657 2041 900 2106 matrisecclesie
910 2055 941 2106 et
950 2043 1240 2106 seeundumdotem
1248 2063 1365 2105 novam

384 2146 507 2211 adhesit
537 2145 628 2209 uxori
650 2167 791 2232 sueque
814 2146 849 2212 fit
875 2146 1050 2232 plurimum
1077 2166 1115 2210 ex
1145 2147 1301 2231 gentibus,
1333 2152 1406 2211 etti

387 2251 431 2315 sic
452 2250 592 2316 honorat
611 2264 747 2316 matrem
769 2251 933 2317 ecclesiam
954 2265 1120 2336 tamquam
1132 2252 1204 2337 ipso
1226 2252 1363 2336 priorem

386 2368 417 2419 et
426 2355 635 2439 superiorem,
645 2377 685 2420 eo
694 2357 783 2442 quod
792 2371 840 2420 est
848 2357 985 2421 duarum
995 2369 1178 2420 naturarum
1187 2372 1363 2421 creatarum

386 2474 529 2545 utraque.
552 2460 595 2525 Et
615 2462 792 2525 secundum
808 2481 925 2546 corpus
939 2475 1005 2525 erat
1020 2461 1165 2526 subditus
1179 2462 1360 2547 parentibus

385 2564 449 2627 suis
480 2564 669 2647 carnalibus,
707 2586 782 2649 ergo
815 2565 920 2630 multo
952 2565 1054 2650 magis
1084 2566 1266 2649 parentibus
1298 2565 1362 2630 suis

386 2669 608 2754 spiritualibus,
635 2669 697 2734 hoc
728 2684 783 2747 est,
806 2669 865 2734 sibi
897 2683 929 2735 et
959 2683 1067 2734 sancte
1099 2669 1193 2733 matri
1225 2670 1361 2735 ecclesie.
1372 2693 1405 2729 so

384 2773 472 2840 Sicut
493 2773 579 2838 enim
602 2788 668 2838 tam
689 2775 868 2838 secundum
883 2795 1000 2858 corpus
1014 2794 1113 2860 quam
1134 2772 1277 2839 animam
1298 2788 1363 2839 erat

384 2878 528 2943 subditus
554 2878 696 2960 trinitati,
719 2879 763 2942 sic
794 2880 972 2943 secundum
995 2899 1109 2963 corpus
1133 2892 1198 2943 erat
1220 2878 1364 2943 subditus

385 2982 442 3047 sibi
465 2981 1108 3067 secundumanimam.*Verumptamem
1131 2982 1255 3047 videtur
1276 2985 1363 3069 quod
1376 2995 1436 3060 ¹47¹

386 3108 450 3150 non
473 3087 513 3151 sit
534 3087 638 3151 senior
659 3108 759 3173 quam
780 3087 964 3151 universalis
988 3086 1115 3152 ecclesia
1146 3089 1202 3151 sed
1227 3103 1363 3171 econtra,

385 3211 459 3255 cum
489 3192 558 3276 ipsa
588 3191 628 3256 sit
659 3195 809 3256 coitanea
839 3212 913 3255 cum
936 3194 1059 3258 mundo
1082 3206 1113 3257 et
1135 3193 1260 3257 senium
1290 3193 1406 3258 dicitas

384 3295 427 3358 rei
450 3295 593 3360 mortalis
622 3296 789 3380 periodum
816 3297 1001 3361 naturalem.
1034 3296 1096 3362 Sed
1128 3311 1175 3362 est
1205 3296 1365 3383 antiquior

385 3420 483 3487 quam
505 3414 646 3465 creatura
668 3399 739 3479 alia,
762 3420 836 3464 cum
859 3401 899 3465 sit
921 3401 1070 3486 antiquus
1097 3402 1231 3485 dierum,
1258 3416 1289 3467 et
1320 3403 1364 3467 sic

386 3519 432 3569 est
466 3504 686 3569 honorabilior
723 3518 755 3570 et
790 3506 903 3569 melior
940 3526 1039 3591 quam
1082 3522 1181 3572 mater
1226 3507 1363 3584 ecclesia,

385 3609 668 3693 proportionaliter
690 3623 726 3675 ut
747 3611 847 3674 deitas
869 3611 990 3675 excedit
1011 3625 1195 3678 creaturam.

188 3728 290 3776 curata
309 3728 354 3775 su·
428 3713 491 3778 Sed
513 3712 681 3779 difficultas
704 3730 761 3797 est,
785 3730 892 3780 utrum
908 3714 1052 3779 Christus
1066 3716 1400 3780 secundumhuma·1²

186 3781 311 3930 ωιηίιᾷἱι
329 3783 368 3827 the
410 3817 417 3830 .

181 3835 284 3941 astra„
297 3848 317 3879 e.
331 3835 369 3879 a·
387 3831 517 3881 nitatem
539 3819 579 3883 sit
602 3817 705 3883 iorma
728 3820 867 3885 ecclesie.
890 3819 932 3884 Et
953 3819 1077 3885 videtur
1099 3821 1178 3884 mihi
1201 3823 1289 3908 quod
1304 3821 1363 3903 sic;

191 3887 363 4036 affigi?
387 3942 462 3986 nam
483 3921 564 3987 sicut
586 3921 689 3987 iorma
712 3922 849 3989 vivificat
872 3937 903 3988 et
931 3939 1040 3989 movet
1067 3945 1183 4010 corpus
1210 3928 1251 3991 ad
1277 3940 1364 3990 actus

424 4190 443 4224 t.
455 4188 477 4224 t.
498 4180 521 4224 Α
534 4180 579 4238 Aa
593 4191 649 4225 aeas
662 4179 799 4238 intelligere.
921 4191 942 4226 a.
956 4182 979 4226 Α
992 4181 1015 4226 in
1031 4193 1117 4240 marga
1144 4181 1179 4228 De
1192 4182 1364 4231 incarnacione.

386 4244 406 4292 i.
419 4249 455 4293 Aa
482 4250 656 4296 assumendo.
786 4261 817 4297 rt.
830 4251 855 4297 Α
867 4248 897 4295 es
913 4248 1085 4306 Romanorum
1105 4249 1146 4297 tx„
1165 4251 1243 4309 deeatt
1257 4253 1281 4300 in
1294 4254 1363 4300 codd.

386 4317 477 4363 laeana.
580 4319 614 4365 ai.
627 4319 658 4364 Bt
685 4327 710 4366 nt
723 4319 755 4367 ita
769 4320 807 4366 ait.
899 4329 934 4378 η.
955 4322 978 4365 Α
991 4319 1015 4366 iu
1030 4333 1117 4379 marat
1144 4319 1285 4368 Differencia
1306 4323 1366 4370 later

386 4386 478 4433 maian
497 4395 520 4434 et
532 4387 699 4446 antiquitatem.
803 4387 839 4436 io.
854 4388 872 4435 ii
885 4387 909 4435 in
922 4400 997 4447 mart.
1011 4402 1074 4436 naa.
1088 4401 1149 4436 rect
1161 4389 1246 4437 Utrum
1260 4389 1367 4438 cunata

388 4457 519 4503 meandum
532 4457 702 4505 inmanitatem
716 4458 747 4505 sit
766 4457 842 4505 iorma
860 4458 967 4505 ecclesie.
994 4461 1017 4505 Α
1030 4459 1054 4507 in
1072 4472 1159 4518 asarta
1174 4459 1286 4507 Dubiam.
