3262 5226
486 362 657 416 tonsurus
675 360 827 414 wrcen.
979 337 1061 429 [ese.
1077 356 1148 402 xxu.

156 521 267 586 aiones
287 539 368 585 suas
391 540 455 583 non
485 511 663 584 coudnebil.
699 517 764 582 Sed
797 518 872 603 quia
905 517 984 581 dixit
1022 537 1149 581 sacrum
1160 532 1262 587 sor‘lt

156 625 325 690 ,psalmum
349 625 527 710 intelligere
551 625 591 688 de
607 623 762 688 membris
785 623 852 686 suis
868 621 1094 706 predestinatis
1117 622 1149 685 in

161 729 473 815 quibus’peccatum
506 742 555 793 est
586 728 729 791 mutacio
760 727 891 790 dextere
918 725 1047 808 excelsi,
1076 727 1149 790 ideo

161 833 368 919 prosequitur
391 835 514 898 dicens:
544 832 620 896 Hoc
644 830 771 916 quidem
795 849 861 894 non
885 830 957 894 ideo
983 831 1150 916 corpirmo,

117 939 314 1048 sdquoniam
335 957 399 1001 non
416 938 542 1002 resisto.
567 937 639 1000 Hoc
655 951 764 1001 autem
781 936 956 1020 utrobique
973 935 1175 1005 detestaturs

117 1003 222 1150 quiste
244 1056 373 1107 sanctus
397 1062 471 1105 cum
504 1042 574 1105 aliis
606 1042 694 1127 quod
726 1041 775 1103 vel
814 1060 896 1124 pena
930 1041 1148 1105 membrorum

117 1118 147 1255 lit
163 1148 293 1232 dyaboli
315 1167 376 1232 pro
400 1147 531 1211 instanti
556 1145 714 1229 temporis
738 1144 880 1226 finiatur,
903 1144 954 1207 vel
977 1159 1150 1249 postquam

117 1208 256 1315 ¹'ittit
247 1250 404 1316 intensior
430 1272 490 1336 per
518 1251 649 1315 ecclesie
679 1249 832 1333 suffragia
856 1245 1050 1335 remittatur,
1078 1251 1151 1315 licet

163 1356 248 1420 credi
280 1370 390 1441 posset
410 1348 624 1442 probabiliter
654 1355 743 1440 quod
772 1373 869 1418 omne
897 1367 1066 1437 peccatum
1104 1369 1151 1420 est

161 1461 268 1524 minus
300 1461 423 1524 malum
458 1475 489 1525 et
522 1461 630 1523 minus
661 1457 807 1544 punibile
843 1472 976 1544 propter
998 1458 1151 1523 meritum
1165 1489 1195 1525 ιο

161 1566 235 1629 lesu
269 1564 400 1640 Christi.
440 1565 535 1631 Unde
571 1563 648 1649 quia
670 1562 887 1648 Augustinus,
926 1584 995 1647 cap.
1035 1564 1152 1646 xvlle,

161 1671 234 1734 libri
265 1665 361 1752 xxv,
395 1669 508 1734 recitat
547 1669 714 1753 quomodo
752 1667 886 1752 quidam
923 1669 1152 1744 commendant

162 1776 255 1838 istam
279 1773 486 1856 sentenciam,
506 1774 584 1858 quia
607 1773 671 1857 pia,
687 1773 742 1836 sed
766 1770 818 1857 (ut
847 1772 964 1855 arguit,
990 1793 1062 1836 cum
1088 1794 1151 1837 non

162 1879 259 1943 habet
282 1878 508 1944 auctoritatem
525 1899 563 1941 ex
584 1879 743 1962 scriptura
766 1878 823 1941 sed
847 1877 915 1942 eius
938 1876 1151 1968 oppositum),

162 1992 239 2047 tunc
248 1983 345 2069 soret
367 1981 483 2047 melior
504 1991 535 2046 et
556 1982 674 2064 verior,
696 1985 728 2047 si
750 1981 1003 2047 misericordior.
1031 1982 1196 2050 Extra-15

163 2087 266 2163 datur,
283 2107 363 2171 ergo
383 2087 470 2173 sons
501 2085 599 2150 liuius
615 2087 856 2164 ‚misericordie
885 2085 931 2150 ad
963 2087 1153 2173 dampnatos

162 2193 317 2279 quoslibet
330 2192 419 2279 quod
443 2191 620 2276 punientur
640 2213 723 2275 pena
740 2192 949 2269 solummodo
971 2195 1151 2279 temporali,

164 2300 213 2362 vel
245 2299 368 2362 dicatur
401 2297 642 2361 misericordius
670 2297 758 2381 quod
791 2317 874 2382 pena
907 2298 961 2363 illa
992 2300 1053 2364 erit
1084 2301 1152 2363 bre-

163 2403 303 2486 vissima,
321 2404 370 2467 vel
385 2403 486 2467 tercio
509 2400 803 2466 misericordissime
827 2402 916 2487 quod
928 2404 1073 2467 omnino
1089 2425 1153 2468 non

164 2509 224 2572 erit
246 2508 306 2572 alia
322 2528 405 2593 pena
428 2521 503 2592 post
526 2520 675 2588 mortem,
698 2505 755 2570 sed
779 2519 847 2570 tota
869 2508 1027 2591 scriptura
1051 2525 1099 2572 est
1122 2511 1153 2573 in
1166 2534 1199 2571 ro

164 2614 222 2676 ista
245 2626 335 2697 parte
358 2611 593 2677 conminatoria
609 2612 664 2676 sed
682 2631 747 2675 non
768 2627 851 2674 vera.
876 2611 911 2676 Si
932 2613 1014 2697 quis,
1037 2613 1153 2699 inquit,

164 2717 283 2782 audem
304 2718 364 2782 ista
380 2735 542 2796 asserere,
564 2726 652 2781 tanto
668 2716 831 2781 invenitur
845 2736 960 2781 errare
975 2716 1154 2802 deformius

165 2832 196 2887 et
217 2831 332 2886 contro
355 2833 445 2886 recta
461 2821 525 2885 Dei
548 2822 644 2886 verba
661 2823 864 2906 perversius,
886 2832 1007 2906 quanto
1030 2822 1155 2886 videtur

164 2929 283 2991 sentire
303 2926 365 2991 sibi
385 2927 588 2991 clementius.
623 2927 694 2990 Non
724 2926 858 2990 seducat
886 2946 944 2990 nos
975 2946 1052 3007 ergo
1081 2948 1153 2991 ceca

166 3033 266 3116 pietas
289 3051 364 3115 que,
394 3051 467 3093 cum
498 3033 538 3094 sit
564 3031 688 3094 veritati
718 3045 749 3094 et
772 3029 854 3094 lonti
878 3031 1003 3094 iusticie
1027 3052 1063 3094 ac
1086 3034 1197 3116 pie725

167 3137 240 3199 tatis
273 3136 444 3215 contraria,
481 3149 528 3198 est
563 3136 750 3218 blasphema
788 3136 956 3218 impietas;
991 3154 1065 3196 narn
1098 3156 1155 3221 per

167 3239 233 3302 eius
257 3241 445 3325 oppositum
463 3239 542 3303 fides
559 3236 715 3303 catholica
732 3241 923 3325 integratur,
948 3243 1154 3303 conversacio

167 3342 332 3408 militantis
370 3344 500 3407 ecclesie
536 3342 651 3407 timore
683 3364 766 3427 pene
800 3346 988 3408 melioratur
1020 3359 1050 3408 et
1082 3367 1154 3429 spes

167 3449 294 3513 maioris
324 3449 530 3513 beatitudiuis
556 3445 782 3531 confirmatur,
811 3447 1155 3533 et'correspondenter

167 3553 210 3616 illi
263 3555 317 3637 qui
367 3554 518 3617 videntur
566 3554 667 3636 magis
706 3556 830 3638 placere
870 3554 1009 3638 dyabolo
1052 3556 1153 3637 magis
1165 3565 1198 3616 30

168 3674 293 3738 nocent,
326 3673 356 3722 et
390 3660 463 3722 hinc
496 3658 629 3721 indubie
660 3674 797 3742 possunt
826 3656 992 3743 expectare
1016 3661 1154 3742 amplius
1216 3716 1219 3724 .

169 3778 410 3827 nocumentum.
434 3764 508 3827 Non
533 3760 610 3845 ergo
626 3759 756 3827 oramus
779 3783 840 3847 pro
864 3763 1003 3849 dyabolo
1027 3765 1077 3826 vel
1094 3766 1153 3827 sibi

206 3991 235 4027 ra.
250 3984 273 4027 Α
286 3981 409 4037 inmersus
419 3981 507 4028 Contra
519 3984 662 4029 sentenclam
671 3994 718 4041 que
726 3985 792 4041 ponit
801 3985 891 4030 nullum
900 3992 1011 4041 perpetue
1022 3986 1153 4043 dampnari.

168 4060 204 4095 au.
214 4050 272 4105 ιΙίις
285 4052 320 4096 As
335 4051 414 4109 aliter,
429 4054 473 4110 A,s
489 4052 571 4109 alicul3
585 4053 614 4097 Bs
631 4054 687 4110 slim
703 4051 809 4100 eorrexu
895 4052 929 4099 2³.
944 4053 1071 4100 baconus
1086 4057 1153 4109 recle,

168 4131 204 4177 η,
218 4118 248 4164 e·
263 4121 309 4167 sibl
322 4132 363 4167 sor
375 4121 493 4182 (sequitur
506 4122 610 4181 lacuna).
710 4161 712 4166 Α
770 4133 775 4157 ³

216 4294 253 4332 ιι.
271 4295 330 4351 pag.
347 4280 408 4349 637.
