3262 5226
115 607 184 655 car.
195 592 259 685 xre]
497 612 544 665 nu
562 610 739 665 emensu-
1264 599 1334 662 26⁵

87 788 108 840 5·
116 786 147 834 et
170 772 314 856 vulgares
335 773 550 856 approbarunt
572 769 634 833 hoc
656 766 869 852 privilegium,
886 770 1018 852 quando
1032 784 1336 852 reg-unumque*
1408 834 1414 843 ‚

118 897 196 939 num
220 876 371 960 processit
398 889 565 960 prospere;
585 894 649 959 qua
678 892 754 957 ergo
777 871 879 936 fronte
909 892 969 937 nos
997 873 1105 937 minus
1139 840 1305 939 ilidii?

118 983 228 1061 sancti,
260 982 367 1046 minus
398 980 486 1044 scioli
519 979 567 1042 vel
599 991 745 1062 potentes
778 996 928 1061 usurpare
951 977 1106 1042 audemus

119 1084 331 1149 violacionem
362 1099 469 1148 sancte
500 1082 607 1146 matris
640 1080 779 1160 ecclesie,
814 1101 891 1145 cum
922 1080 1044 1145 domini
1075 1094 1107 1146 et

95 1204 223 1273 spartes
245 1190 361 1274 quibus
384 1188 567 1252 iniuriarum
588 1201 636 1251 est
658 1200 793 1271 possunt
813 1186 985 1271 (quantum
1008 1184 1107 1250 ineis
1182 1198 1185 1205 '

119 1292 180 1376 est)
203 1294 360 1357 remittere
375 1291 626 1357 satisfaccionem
641 1305 673 1355 et
686 1312 802 1375 penam
817 1287 1108 1355 recommendando

121 1399 189 1460 Deo
212 1393 403 1461 vindictam?
434 1398 486 1462 Sic
517 1396 603 1460 enim
633 1396 737 1481 alique
759 1394 899 1459 civitates
930 1394 963 1459 in
992 1393 1109 1478 Anglia

122 1518 197 1565 sunt
220 1499 316 1563 servis
338 1501 371 1564 in
394 1516 586 1586 perpetuum
609 1499 777 1583 refugium.

167 1606 228 1670 llic
265 1605 379 1669 dicitur
416 1609 504 1691 quod
542 1605 658 1669 falsum
688 1604 859 1669 assumitur
893 1605 936 1667 ad
966 1617 1109 1667 mentem
1166 1608 1289 1653 annm

87 1740 115 1775 ιο
125 1709 277 1790 obiectus,
294 1731 370 1773 nam
387 1732 443 1775 nec
460 1725 647 1795 potestesse
662 1709 810 1772 sauctitas
825 1729 929 1793 neque
938 1660 1139 1793 prudencia¹¹
1150 1659 1338 1757 immi·

125 1815 290 1877 defendere
301 1816 361 1879 hoc
375 1815 574 1900 privilegium
589 1814 629 1876 ad
645 1815 770 1877 nudum
780 1834 908 1877 sensum
918 1814 1110 1897 expositum,
1118 1762 1340 1924 ‘33:³33ae

127 1920 211 1982 unde
253 1919 436 2004 quicunque
477 1918 563 1982 hunc
604 1938 732 1981 sensum
773 1917 1024 2001 approbaverant
1059 1917 1111 1981 vel
1274 1899 1284 1924 '

126 2022 285 2087 fructuose
308 2024 507 2107 penituerunt
537 2025 586 2085 uel
611 2022 700 2085 aliter
730 2034 806 2085 sunt
831 2020 1013 2105 dampnati;
1052 2041 1110 2086 nec

127 2128 258 2191 docetur
289 2127 344 2211 qui
372 2127 470 2191 sancti
503 2127 551 2190 uel
582 2125 746 2211 approbati
777 2124 835 2187 viri
861 2125 1113 2209 approbaverant

88 2233 225 2297 rsistum
262 2253 402 2297 sensum.
434 2232 496 2295 Sed
527 2231 648 2294 sinistre
679 2243 837 2293 extortum
871 2244 919 2294 est
950 2244 986 2294 ut
1015 2228 1112 2315 privi-

127 2336 246 2420 legium
274 2337 356 2400 ultra
391 2334 470 2399 fines
496 2335 618 2399 iusticie
644 2351 754 2398 contra
786 2333 1001 2398 iuramentum
1031 2333 1112 2419 regis
1149 2365 1156 2373 ·

128 2457 159 2504 et
189 2440 431 2525 prosperitatem
462 2441 560 2523 regni,
595 2440 667 2503 ideo
700 2452 766 2502 tam
803 2439 962 2503 excessivo
999 2437 1112 2503 abusui

130 2565 256 2609 necesse
288 2559 335 2609 est
366 2544 485 2629 apponi
514 2565 634 2608 novum
663 2544 848 2608 remedium.
885 2544 927 2607 Et
948 2543 1007 2607 hec
1028 2542 1114 2608 racio

130 2670 228 2733 quare
252 2670 384 2734 regnum
401 2670 465 2712 non
482 2664 596 2733 potens
612 2648 742 2712 ulterius
758 2649 901 2712 tollerare
916 2661 1114 2712 crementum
1123 2666 1170 2712 aaa
1184 2667 1225 2711 ne
1237 2667 1303 2712 noea
1313 2667 1346 2714 ot

88 2753 244 2818 aoiniurie
275 2754 424 2837 apposuit
460 2773 545 2816 nunc
576 2752 751 2817 remedium
774 2752 886 2836 pocius
916 2773 1016 2837 quam
1044 2718 1345 2868 per-ffliffime'li‘a

131 2874 213 2921 unte.
230 2859 313 2920 Nam
328 2858 523 2921 semistultus
538 2857 671 2941 percipit
686 2871 716 2921 et
731 2857 899 2942 impugnat
914 2857 1115 2923 manifestam
1168 2905 1171 2909 ⁴

131 2961 290 3043 iniuriam,
336 2977 507 3047 postquam
550 2962 667 3026 sciolus
710 2960 925 3025 insensibilem
967 2961 1117 3027 iniuriam

133 3066 342 3149 pretermittit.

97 3183 123 3234 1.
177 3173 242 3234 Nec
265 3184 313 3234 est
328 3171 460 3234 verbum
483 3169 542 3232 nisi
559 3169 729 3233 stultorum
751 3168 853 3233 dicere
876 3172 965 3255 quod
988 3170 1116 3235 basilica
1135 3185 1293 3232 taurosum
1307 3195 1335 3234 ιο

87 3285 124 3340 u*
134 3291 169 3338 ut
184 3275 204 3320 ’¹‘
220 3274 343 3359 lignum
361 3290 391 3337 et
415 3273 534 3358 lapides
554 3273 594 3337 sit
620 3288 726 3335 sancta
749 3288 849 3337 mater
867 3274 1008 3338 ecclesia.
1031 3276 1115 3339 Nam
1126 3239 1340 3339 affininita-

134 3380 262 3464 spiritus
291 3400 373 3462 quos
402 3380 487 3442 Deus
510 3393 602 3442 vocat
625 3380 664 3441 ad
691 3399 842 3441 coronam
865 3380 1062 3462 desponsans
1083 3378 1118 3442 in
1140 3343 1327 3442 multifolia,

134 3484 194 3563 via,
218 3499 292 3546 sunt
315 3497 422 3546 sancta
445 3497 545 3547 mater
567 3482 711 3565 ecclesia3
733 3481 824 3546 cuius
839 3484 956 3547 domus
979 3498 1026 3547 est
1048 3483 1118 3547 talis

135 3587 261 3649 basilica
284 3587 334 3649 cui
358 3587 389 3649 in
410 3586 539 3649 nomine
555 3587 662 3670 sponsi
679 3601 709 3650 et
730 3606 845 3670 sponse
868 3602 916 3652 est
942 3588 1120 3653 reverencia

136 3691 294 3775 ymaginis
307 3691 486 3771 tribuenda;
502 3692 589 3774 quod
600 3689 636 3754 fit
645 3689 809 3773 potissime
819 3693 983 3756 observata
992 3712 1051 3776 pro
1062 3692 1118 3756 illo

95 3797 209 3859 3oloco
233 3793 364 3859 insticia.
388 3796 470 3857 Num
494 3794 639 3858 sanctitas
656 3795 718 3858 vite
741 3807 772 3857 et
787 3795 970 3858 observacio
993 3794 1119 3860 iusticie

138 3900 210 3982 plus
232 3900 401 3964 honoraret
432 3901 542 3963 locum
565 3900 704 3980 ecclesie,
734 3920 831 3985 quam
863 3915 970 3965 totum
1003 3920 1118 3965 aurum

138 4002 187 4064 vel
210 4003 319 4065 omnia
342 4004 450 4066 iocalia
473 4005 648 4088 corporalia
670 4004 764 4068 huius
780 4005 904 4085 mundi,
926 4005 1007 4069 sicut
1029 4004 1120 4069 mini·

139 4128 230 4170 ntum
253 4124 419 4192 peccatum
446 4110 519 4192 plus
541 4109 646 4193 ipsum
661 4107 798 4172 inliceret
821 4108 854 4170 in
876 4108 978 4173 oculis
1000 4119 1121 4195 sponsi,

179 4413 201 4456 9.
216 4400 239 4444 Α
252 4399 275 4443 in
290 4409 379 4453 marat
393 4394 535 4456 Responsio.
639 4408 676 4454 ²9·
690 4396 722 4442 Ba
736 4403 758 4441 ot
772 4396 804 4442 frt.
910 4394 947 4443 io.
964 4398 1032 4455 Amr
1055 4409 1122 4444 sano·

139 4471 193 4515 litas
207 4470 260 4514 vita.
273 4470 295 4514 Α
310 4465 333 4510 in
348 4476 436 4521 maras
457 4464 594 4512 Conclusio.
609 4465 697 4511 Contra
711 4475 843 4522 pretcuaaru
858 4463 1031 4512 immunitatem
1044 4467 1122 4513 eccle·

140 4539 228 4585 alarum
251 4538 343 4594 (About
358 4534 410 4581 160⁸
424 4537 521 4582 without
539 4538 605 4582 mark
617 4538 644 4581 of
655 4534 790 4591 reference).
