3262 5226
154 445 200 528 9⁶
695 456 864 533 Joumms
879 455 1028 510 wvcnrr.
1245 428 1327 522 [civ.
1334 440 1367 489 v.
1471 492 1475 499 ,

157 609 372 709 ‘ssfflgfffl
427 614 468 679 Et
491 613 536 678 sic
558 628 665 698 potest
687 613 818 697 intelligi
841 634 959 698 papam
981 631 1048 675 esse
1071 623 1166 694 caput
1182 601 1367 669 universalis
1380 613 1480 685 r4r·0

183 714 350 812 galva
382 717 522 798 ecclesie,
544 717 594 780 vel
604 717 638 781 in
652 731 812 803 quantum
827 714 1048 781 ministratorie
1062 712 1274 799 propinquius
1288 709 1370 796 gerit

159 819 261 864 '‘lm''
304 817 364 862 “⁹¹¹
382 821 595 887 ministerium
618 820 735 886 Christi
757 841 856 906 quem
877 819 992 903 induit,
1014 819 1065 882 vel
1078 819 1220 883 secundo
1236 816 1369 903 equivo-

157 869 368 966 walam
381 928 484 990 cando
506 925 540 989 in
573 924 752 1008 universali,
786 922 1002 989 universaliori
1037 937 1068 988 et
1100 920 1369 987 universalissima

381 1028 576 1114 intelligatur
608 1050 665 1114 per
696 1028 905 1094 universalem
938 1027 1102 1093 ecclesiam
1139 1041 1208 1093 tota
1239 1023 1394 1094 ecclesiai

383 1133 524 1197 militans
547 1153 647 1219 quam
668 1134 720 1197 hic
741 1133 838 1220 regit3
860 1156 924 1220 que
947 1134 1040 1196 debet
1055 1132 1195 1217 supponi
1210 1129 1372 1197 extencior

382 1259 481 1324 quam
502 1237 564 1302 alia
587 1237 729 1302 militans
760 1236 813 1302 cui
842 1237 977 1304 vicariam
1010 1237 1077 1302 eius
1107 1249 1222 1322 preest
1256 1234 1370 1299 Melius

381 1357 489 1408 tamen
513 1341 596 1407 loret
617 1341 711 1407 irmiti
732 1343 834 1408 modo
844 1341 1009 1429 ‚loquendi
1035 1342 1189 1427 scripture
1211 1355 1243 1406 et
1271 1338 1371 1403 instar

382 1445 606 1531 apostolorum
642 1447 876 1512 vehemenciori
912 1468 950 1512 ac
988 1447 1150 1512 humiliori
1192 1442 1371 1509 ministerio

381 1551 489 1616 totalis
511 1550 642 1615 ecclesie
670 1566 800 1637 propter
834 1551 1055 1637 blasphemam
1080 1549 1272 1639 ydolatriam
1299 1567 1370 1634 pre·
1383 1571 1416 1609 ιο

382 1655 568 1722 cavendam.
590 1657 675 1721 Nam
698 1658 777 1721 dum
804 1677 887 1742 papa
920 1677 986 1721 non
1013 1655 1231 1741 ‘supereminet
1261 1653 1371 1740 quoad

382 1759 499 1842 Deum,
522 1760 578 1823 sed
600 1761 800 1846 appreciatur
818 1760 975 1825 honorem
990 1761 1163 1827 secularem
1185 1761 1259 1845 plus
1274 1779 1372 1844 opere

382 1864 485 1928 servili
510 1864 650 1947 ecclesie,
672 1878 748 1930 tunc
772 1865 845 1931 lacit
866 1866 1028 1952 populum
1051 1887 1115 1930 non
1131 1866 1262 1928 adorare
1285 1883 1374 1945 eum,

382 1969 438 2032 sed
461 1982 582 2033 statum
603 1990 815 2035 communem
829 1970 863 2035 in
878 1971 941 2035 alio
956 1973 997 2034 ad
1012 1970 1061 2035 sui
1083 1970 1221 2034 dedecus
1244 1982 1275 2033 et
1289 1989 1372 2055 ypo-

383 2070 460 2137 crite
494 2072 732 2139 detrimentum.
769 2075 811 2140 Et
851 2075 895 2140 ita
925 2075 1056 2140 ecclesia
1088 2075 1236 2138 Romana
1267 2076 1416 2157 potestas

384 2177 467 2240 sumi
490 2177 666 2262 tripliciter:
688 2179 739 2244 vel
765 2201 824 2264 pro
846 2181 975 2244 ecclesia
997 2179 1150 2244 catholica
1177 2177 1229 2265 (ut
1250 2177 1284 2241 in
1312 2175 1375 2241 fine

384 2280 522 2366 proximi
545 2280 702 2371 capituli),
732 2284 783 2347 vel
815 2304 875 2368 pro
906 2305 1000 2369 papa,
1031 2284 1080 2348 vel
1114 2282 1312 2348 coniunctim
1344 2293 1375 2345 et

385 2384 513 2449 divisim
529 2408 587 2471 pro
596 2409 656 2452 suo
672 2388 817 2474 collegio.
833 2388 895 2452 Sed
911 2388 969 2452 hec
985 2389 1051 2453 duo
1060 2388 1204 2451 membra
1213 2400 1377 2471 postrema

386 2504 464 2556 sunt
485 2504 616 2558 extorta.

185 2584 351 2685 3,*ῗῇΥῶ
431 2595 580 2660 Secundo
602 2595 818 2681 principaliter
839 2596 982 2681 arguitur
1004 2611 1113 2661 contra
1135 2589 1300 2681 dicta'per
1313 2594 1413 2657 hocD

193 2692 356 2788 mlffiffid
386 2701 476 2787 quod
498 2700 595 2765 nichil
610 2722 714 2766 unum
728 2715 759 2766 et
768 2702 943 2787 specialiter
954 2724 1019 2767 non
1036 2723 1137 2767 unum
1152 2722 1271 2786 corpus
1287 2720 1375 2764 com·

161 2794 352 2892 „ffllffsslffi
371 2804 520 2903 ‚ponitur
541 2826 579 2870 ex
610 2805 771 2891 spiritibus
801 2807 835 2870 in
867 2807 1061 2893 purgatorio,
1093 2827 1130 2872 ex
1152 2805 1313 2870 viantibus
1341 2804 1376 2868 in

164 2898 364 3008 ‘lssll’effik
387 2910 513 2974 mundo
557 2925 589 2976 et
616 2931 654 2974 ex
682 2911 952 2996 triumphantibus
983 2911 1016 2976 in
1044 2911 1123 2994 celo,
1164 2932 1240 2976 cum
1276 2909 1376 2974 conti·

388 3013 505 3078 nuncio
517 3029 548 3080 et
562 3015 640 3080 unio
663 3015 726 3081 sint
747 3016 787 3078 de
809 3015 947 3080 essencia
962 3015 1113 3100 corporis,
1128 3036 1168 3079 eo
1184 3015 1273 3100 quod
1287 3014 1379 3077 aliter

386 3119 503 3205 periret
526 3120 661 3184 sciencia
683 3119 850 3187 linearum.
1385 3120 1418 3174 25

165 3211 376 3321 sepimine
431 3224 492 3289 Hic
523 3239 657 3309 negatur
679 3238 890 3310 assumptum,
923 3246 980 3291 nec
1008 3239 1055 3290 est
1086 3222 1295 3288 continuatio
1326 3223 1376 3287 vel

186 3318 231 3362 ⁸⁸¹
243 3324 268 3361 ¹⁰
282 3316 358 3375 Μ’·
390 3329 493 3410 unio„
510 3349 586 3393 cum
607 3329 648 3394 sit
669 3330 814 3394 accidens
836 3332 875 3395 de
898 3330 1037 3394 essencia
1060 3327 1277 3413 cuiuscunque
1300 3328 1375 3391 sub·

388 3434 522 3516 stancie;
545 3456 620 3499 nam
643 3435 676 3497 in
699 3448 861 3520 quotquot
883 3448 987 3519 partes
1010 3431 1234 3519 quantitativas
1250 3439 1377 3516 ‘corpus

387 3538 558 3603 martiris*
573 3539 710 3603 divisum
733 3538 836 3618 luerit,
867 3552 975 3603 manet
1002 3539 1135 3602 durante
1163 3535 1265 3599 lorma
1291 3529 1452 3602 idem¹4¹‘

388 3662 503 3727 corpus
526 3642 559 3707 in
582 3663 730 3724 numero,
752 3656 784 3707 et
799 3643 944 3709 Christus
960 3642 1019 3706 luit
1033 3640 1219 3706 humanitus
1234 3640 1267 3702 in
1276 3638 1378 3703 limbo
1388 3639 1423 3693 ³0

390 3759 422 3810 et
444 3761 593 3811 mortuus
614 3747 647 3811 in
670 3746 850 3831 sepulchro.
873 3746 966 3813 Absit
988 3767 1064 3832 ergo
1091 3745 1180 3831 quod
1211 3745 1377 3809 credamus

389 3850 511 3916 animas
535 3849 679 3930 fidelium
713 3849 939 3918 defunctorum
969 3866 1046 3917 tunc
1078 3871 1144 3914 non
1175 3870 1243 3915 esse
1275 3862 1380 3934 partes

429 4120 463 4154 ιο.
477 4108 537 4155 Alis
557 4109 737 4168 blasphemiam.
843 4109 877 4156 16.
900 4109 923 4155 Α
947 4109 972 4155 ln
992 4119 1078 4165 marus
1099 4105 1259 4165 Εφιίνοειείο
1280 4104 1381 4151 ecclesle

390 4174 495 4223 Romane
511 4178 608 4225 adtrla.
714 4190 750 4224 aa.
764 4178 824 4225 Ala
838 4189 926 4234 marna
940 4177 1051 4225 Secunda
1063 4176 1179 4224 oblcccla.
1271 4186 1306 4220 aa.
1320 4175 1380 4222 Ata

391 4259 480 4304 marna
501 4247 672 4306 Purgatorlurn.
778 4259 816 4303 ²4·
833 4247 864 4292 llr
889 4247 947 4294 anla
968 4256 1031 4295 sant.
1141 4247 1177 4292 ad.
1200 4248 1223 4293 Α
1244 4246 1269 4291 ln
1293 4256 1382 4302 marna

390 4314 533 4374 Responsio.
624 4329 661 4375 ²⁹·
675 4320 699 4365 Α
710 4317 735 4364 la
751 4329 841 4374 mara-a
867 4317 1035 4366 Arlsrnetrlcns
1049 4325 1072 4364 et
1085 4323 1207 4376 geometer
1219 4316 1264 4361 hec
1277 4313 1382 4360 videant.

390 4386 485 4442 (Abora
506 4386 554 4438 ιω
573 4389 673 4435 without
691 4391 757 4435 mark
780 4386 808 4433 ol
823 4386 961 4445 reference.)
