3262 5226
390 516 526 611 asana]
708 573 712 579 .
771 534 817 587 ur
835 533 1015 588 accursu.

296 714 323 768 n
341 714 362 768 b
434 694 584 760 Secundo
599 690 805 757 confirmatur
819 689 905 754 idem
920 710 958 754 ex
973 688 1037 755 lide
1052 689 1210 775 scripture
1225 691 1256 754 1⁰
1265 691 1338 758 Joh.
1350 693 1398 756 ΙΙ·

324 819 382 874 138·
397 821 444 884 19,
478 797 533 862 ubi
565 810 692 861 sanctus
720 795 909 880 evangelista
937 794 1083 880 loquitur
1104 793 1144 856 de
1167 794 1312 879 prescitis
1334 797 1465 881 quin„
1480 829 1527 875 ron

389 906 429 969 ad
457 917 586 988 tempus
612 912 797 964 manserunt
821 898 854 962 in
877 899 990 981 g'racia.
1015 899 1062 980 Si,
1085 898 1203 984 inquit,
1230 919 1275 963 ex
1297 889 1527 991 neelami&

380 1009 541 1094 fuissent,
558 1005 823 1090 permansissent
848 1003 958 1087 utique
987 1004 1169 1067 nobiscum.
1203 1003 1280 1067 Non
1303 1003 1396 1068 enim

365 1112 473 1197 ssapit
499 1110 590 1195 quod
616 1107 677 1172 ists
702 1106 929 1171 condicionalis
957 1120 1026 1171 tam
1054 1105 1328 1189 duevangeliste
1352 1107 1397 1174 sit

389 1213 597 1300 impossibilis
619 1227 650 1278 et
672 1210 818 1276 heretica.

363 1353 382 1396 ο
434 1317 551 1383 Tercio
573 1315 779 1381 confirmatur
800 1336 836 1379 ex
851 1315 937 1380 dicto
952 1315 1093 1401 apostoli
1108 1316 1207 1381 Rom.
1219 1317 1320 1400 villa,
1339 1318 1395 1400 35,
1418 1348 1459 1396 ς.
1474 1351 1527 1397 p„

390 1424 445 1489 ubi
478 1423 616 1508 loquens
647 1422 687 1485 de
717 1442 751 1486 se
779 1434 809 1485 et
838 1420 908 1485 aliis
938 1420 1092 1486 membris
1121 1422 1253 1486 ecclesie
1281 1421 1395 1507 palam
1403 1402 1527 1513 ’,ἓῗᾷξῆῗ

390 1528 499 1594 asserit
521 1528 612 1613 quod
634 1526 722 1591 nulla
744 1540 885 1590 creatura
906 1525 1025 1611 poterit
1039 1547 1096 1591 eos
1112 1547 1260 1611 separate
1275 1548 1294 1590 a
1308 1528 1393 1592 cari·
1404 1506 1447 1552 ¹¹¹²
1462 1509 1521 1554 '⁰¹¹‘

351 1648 454 1707 ‚0tate
475 1652 540 1717 que
563 1645 610 1696 est
633 1651 784 1696 numerus
807 1630 957 1695 fundatus
986 1630 1020 1693 in
1048 1629 1179 1696 Christo
1200 1632 1275 1695 lesu
1298 1631 1393 1696 colli·

389 1759 469 1822 gans
491 1738 634 1802 membra
656 1756 721 1800 sua
746 1736 821 1799 ldeo
843 1734 919 1799 dicit
941 1735 1058 1800 eodem
1080 1734 1235 1820 capitulo,
1258 1743 1306 1819 9⁰,
1327 1733 1396 1800 Vos

390 1852 497 1907 autem
530 1843 563 1906 in
591 1861 693 1906 cerne
716 1860 779 1903 non
810 1841 899 1922 estis,
922 1840 981 1905 sed
1002 1842 1035 1903 in
1058 1842 1191 1924 spiritu,
1226 1841 1258 1905 si
1279 1851 1394 1906 tamen

321 1965 381 2021 138⁴
389 1943 633 2031 spiritns*Dei
654 1946 777 2009 habitet
797 1945 830 2009 in
848 1945 948 2010 vobis.
974 1944 1010 2008 δῖ
1024 1946 1098 2028 quis
1113 1955 1223 2008 aulem
1238 1945 1394 2029 spiritum

392 2050 512 2115 Christi
534 2070 601 2114 non
626 2051 729 2132 habet,
753 2051 804 2114 lric
825 2070 893 2113 non
909 2059 960 2114 est
976 2050 1058 2116 eius.
1082 2049 1124 2114 Et
1138 2048 1287 2134 intelligit
1301 2050 1396 2135 quod

351 2154 444 2229 ,sille
468 2176 535 2219 non
559 2168 606 2219 est
628 2175 699 2239 pars
720 2153 769 2217 sui
792 2153 944 2239 corporis.

433 2260 475 2323 Et
497 2259 522 2322 si
546 2258 683 2324 obicitur
708 2279 765 2344 per
797 2258 859 2322 hoc
892 2259 982 2344 quod
1011 2256 1167 2343 prescitus
1191 2256 1334 2322 existens
1358 2258 1392 2322 in
1418 2294 1441 2340 Ι,
1455 2294 1479 2341 ts
1499 2297 1527 2341 ot

390 2364 518 2429 caritate
540 2364 636 2428 habet
657 2365 720 2428 hoc
733 2363 907 2444 vinculum,
931 2377 961 2427 et
984 2383 1042 2448 per
1058 2384 1270 2451 consequens,
1292 2346 1527 2447 unio-{flssssssffiss

391 2489 476 2549 nem,
509 2468 591 2533 sicut
626 2468 855 2554 predestinatus
891 2467 1027 2533 existens
1064 2468 1097 2531 in
1134 2468 1268 2534 crimine
1304 2455 1527 2552 caretl'f'g'sssssst

389 2573 452 2637 hoc
474 2573 614 2655 vinculo,
637 2586 668 2637 et
689 2594 747 2658 per
771 2593 979 2658 consequens,
1002 2573 1139 2639 unione:
1163 2587 1252 2659 patet
1288 2575 1391 2660 quod,

349 2677 472 2750 20sicut
494 2677 527 2741 in
550 2678 694 2741 humano
717 2697 849 2763 corpore
872 2690 920 2741 est
941 2677 1018 2742 dare
1039 2677 1215 2743 humidum
1238 2677 1343 2742 fluens
1358 2692 1392 2744 et

390 2783 563 2847 humidum
585 2783 729 2864 radicale,
751 2782 795 2848 sic
821 2782 853 2846 in
881 2803 1016 2869 corpore
1045 2782 1165 2849 Christi
1188 2782 1317 2848 mistico
1341 2797 1391 2850 est

390 2889 465 2952 dare
479 2888 621 2972 graciam
635 2889 811 2952 secundum
826 2902 1008 2973 presentem
1023 2887 1185 2953 iusticiam
1199 2903 1231 2953 et
1245 2887 1389 2973 graciam
1420 2926 1468 2974 g„
1481 2928 1524 2974 m

390 2999 658 3057 consummatam.
690 2993 783 3057 Unde
805 2993 885 3056 sicut
908 3006 1108 3077 apostemata
1131 3015 1190 3078 per
1211 2993 1388 3058 humidum
1396 2978 1527 3088 {mli

390 3096 492 3161 fluens
508 3112 583 3161 sunt
601 3098 724 3178 adnata,
742 3118 806 3160 non
822 3096 1007 3161 continuata
1016 3110 1150 3182 propter
1165 3097 1388 3183 disparitatem
1411 3083 1527 3184 ''2⁶33ss

348 3221 379 3275 25
392 3216 517 3267 nature:
540 3201 585 3265 sic
607 3215 654 3266 est
675 3202 714 3264 de
738 3200 888 3265 membris
906 3201 1036 3284 diaboli,
1059 3201 1132 3266 licet
1154 3223 1215 3288 pro
1238 3217 1389 3288 tempore

394 3309 574 3371 secundum
597 3320 774 3391 presentem
793 3305 949 3370 iusticiam
966 3305 1030 3370 sint
1044 3305 1163 3371 adnati.
1180 3307 1394 3374 Predestinati

394 3425 503 3474 autem
527 3412 600 3475 licet
622 3412 661 3474 ad
684 3426 811 3495 tempus
826 3410 990 3495 priventur
1005 3409 1126 3474 fluente
1140 3411 1256 3496 gracia,
1272 3411 1395 3478 habent

393 3528 500 3578 tamen
523 3516 691 3579 radicalem
714 3515 885 3599 graciama
904 3536 969 3600 qua
989 3536 1055 3580 non
1077 3530 1225 3601 possunt.
1237 3517 1394 3600 excidere,

393 3633 424 3682 et
447 3619 491 3683 sic
513 3620 665 3684 habentes
688 3620 846 3705 duplicem
867 3619 1005 3705 graciam
1022 3621 1142 3707 duplici
1159 3620 1291 3685 vinculo
1314 3635 1395 3688 sunt

348 3740 382 3794 30
392 3723 492 3806 ligati.
516 3724 741 3808 ligamentum
764 3738 869 3788 tamen
892 3724 1037 3810 primum
1058 3738 1106 3789 est
1128 3724 1312 3790 insolubile.

434 4000 454 4048 3.
469 4000 541 4057 ΑΑμ
557 4013 600 4057 per
613 4007 730 4057 tempas„
781 4014 805 4062 9.
819 4000 850 4047 Be
864 4012 907 4046 ees
921 4001 995 4046 deest.
1074 4012 1107 4045 to.
1123 3999 1154 4046 Ba
1174 4001 1254 4047 rnluns
1266 4002 1393 4051 fundatas.

391 4077 424 4117 tn.
439 4068 487 4115 ΑΒ
498 4069 521 4114 ln
536 4082 624 4126 marga
639 4069 760 4116 Obiecelo.
834 4083 868 4130 tp.
885 4070 940 4116 ais
954 4081 1043 4127 marga
1057 4068 1165 4116 Solacia.
1181 4071 1214 4116 lb.
1233 4071 1393 4122 l‘redestlastl

391 4138 513 4198 quomodo
534 4146 589 4184 sant
608 4139 632 4184 la
654 4141 753 4186 ecclesis
771 4148 793 4186 et
809 4141 931 4200 quomodo
948 4140 1044 4198 presciti
1070 4141 1112 4199 qul
1131 4141 1235 4187 suntad
1255 4149 1352 4198 tempas
1366 4144 1392 4191 ln

390 4208 479 4266 gracie.
499 4207 516 4252 Β
535 4207 558 4252 ln
578 4220 665 4266 marga
685 4222 748 4255 msa.
767 4222 811 4256 rea.
830 4208 892 4255 Nota
910 4210 940 4255 ds
957 4209 1174 4267 predestinatorum
1188 4217 1213 4256 et
1230 4212 1392 4269 praecitatum

391 4320 475 4359 natare
486 4314 574 4370 pulcra.
638 4324 670 4358 ss.
682 4314 703 4358 Α
715 4315 738 4360 la
749 4326 815 4369 mern
828 4329 836 4358 s
851 4313 936 4360 Grecis
947 4286 1143 4400 <13:32⁸
1166 4322 1303 4374 presentem
1319 4318 1391 4367 lasti·

390 4416 460 4463 clsm.
526 4416 562 4462 26.
573 4428 609 4475 ²7·
623 4416 654 4463 Ba
668 4417 819 4466 Predestlnstl
832 4426 918 4464 sutem.
927 4417 989 4465 Cud.
1002 4420 1035 4477 A,
1044 4419 1128 4468 habers
1142 4433 1200 4469 xero
1213 4417 1265 4475 (δὴ
1277 4420 1354 4470 wem
1364 4423 1390 4471 ln

390 4484 463 4531 linssl
477 4491 576 4532 tractata
589 4487 660 4545 leges
675 4488 739 4547 Opp.
753 4490 772 4549 l,
785 4488 864 4545 sset).
943 4486 980 4534 ³0.
995 4487 1028 4534 us
1047 4489 1213 4548 ligamentum
1233 4505 1298 4540 cam.
