3262 5226
689 446 1025 501 Jonnnnrswuctrr.
1230 424 1362 517 [cunm

376 626 503 691 cunque
513 607 683 671 tumultus.
700 605 814 669 Omnis
823 606 857 668 in
867 604 1123 669 eisseculerium
1135 588 1331 669 iudiciorum
1342 603 1363 649 *
1375 619 1476 677 rodo

374 712 528 794 strepitus
548 713 765 794 conquiescat.
799 707 901 772 Nulla
935 708 1018 772 inibi
1039 727 1141 773 causo
1160 728 1224 792 per
1246 708 1362 790 laycos

375 815 556 881 criminalia
577 815 720 880 maxime
742 814 907 896 agitatum
932 813 999 877 sint
1020 811 1093 875 loca
1116 812 1229 877 endem
1253 831 1274 874 a
1298 814 1361 877 lai·

378 939 490 984 corum
514 917 832 1004 congregaciouibus
854 917 973 981 alieno.
1003 917 1072 981 Hec
1094 917 1148 985 ibi.
1185 918 1362 997 Quomodo

375 1045 473 1110 queso
502 1022 581 1087 foret
613 1022 743 1086 ecclesia
766 1023 945 1086 lomentum
969 1018 1160 1086 criminum?
1182 1023 1232 1085 vel
1263 1041 1387 1107 quos-5

377 1148 503 1212 cunque
525 1128 557 1190 in
579 1126 682 1212 ipsam
697 1127 932 1191 committentes
947 1122 1146 1191 defenderet?
1162 1127 1253 1191 Unde
1268 1147 1363 1211 super

374 1233 470 1296 uerbo
487 1231 684 1296 Seditionem
701 1230 778 1294 dicit
792 1232 897 1315 glossa
911 1232 1003 1317 quod
1019 1232 1360 1318 committeussurtum

376 1339 409 1401 in
424 1337 560 1401 ecclesie
572 1356 636 1401 non
652 1337 781 1402 babebit
793 1337 1017 1401 inmunitatem
1034 1337 1068 1401 in
1085 1355 1140 1421 ειη
1155 1352 1186 1401 et
1200 1335 1262 1400 hoc
1278 1351 1363 1403 tenet

376 1441 561 1525 Hostiensis,
577 1455 609 1505 et
624 1442 714 1523 bene,
736 1460 812 1505 cum
828 1439 940 1506 frustra
956 1441 1084 1506 invocat
1098 1442 1160 1506 loci
1176 1441 1360 1525 suffragium

169 1551 354 1650 mil&
376 1545 432 1633 qui
456 1545 539 1611 ledat
563 1547 710 1611 eundem.
746 1546 833 1610 Cum
854 1565 930 1629 ergo
958 1545 1143 1631 quicunque
1174 1545 1306 1610 offendit
1328 1546 1359 1609 in
1373 1579 1404 1615 ιο

168 1617 357 1766 &mim
378 1671 444 1715 uno
479 1650 578 1716 iactus
605 1665 653 1715 est
678 1650 828 1715 omnium
854 1670 936 1734 reus,
966 1649 1173 1714 manifestum
1200 1665 1246 1714 est
1273 1652 1360 1734 quod

187 1782 191 1787 ·
377 1755 482 1820 omnis
503 1774 636 1839 peccans
659 1754 833 1818 mortaliter
854 1754 935 1818 intra
950 1754 1115 1817 ecclesiam
1133 1754 1254 1818 furatur
1269 1755 1360 1840 spiri·

380 1863 463 1925 tuale
485 1859 679 1942 suffragium,
703 1878 770 1944 quo
793 1859 879 1922 Deus
901 1859 973 1943 plus
988 1857 1161 1923 offenditur
1182 1879 1279 1945 quam
1302 1882 1361 1945 pro

379 1964 464 2029 furto
486 1963 720 2049 temporalium,
743 1984 857 2047 ymmo
880 1982 954 2025 cum
973 1962 1081 2026 omnis
1096 1983 1257 2048 occupans
1279 1978 1360 2028 tem·
1455 1979 1460 1989 '

378 2068 496 2154 poralia
518 2068 550 2132 in
579 2067 714 2149 mortali,
749 2065 895 2131 deficita
926 2066 993 2130 iure
1022 2067 1132 2130 utendi
1156 2083 1402 2154 quocunquers

377 2194 438 2258 pro
461 2187 536 2237 tunc
557 2171 765 2236 manilestum
794 2172 951 2255 estquod
974 2171 1099 2235 iuratur
1124 2173 1210 2236 bona
1232 2173 1360 2238 ecclesie

376 2278 411 2340 in
440 2298 504 2362 qua
530 2289 651 2361 pausat.
689 2275 721 2340 Si
745 2295 822 2357 ergo
846 2275 899 2338 ille
920 2275 961 2338 sit
984 2276 1200 2359 prevaricator
1221 2278 1359 2363 precepti

376 2381 503 2446 decimi:
519 2383 701 2465 quicunque
715 2381 835 2443 iniuste
849 2380 987 2462 cupierit
1002 2380 1125 2463 alienu,
1140 2382 1243 2445 multo
1259 2383 1360 2466 magis

376 2487 427 2550 ille
450 2501 495 2549 est
511 2484 719 2570 prevaricator
734 2484 875 2566 decalogi
891 2483 947 2568 qui
963 2483 1180 2549 fraudulenter
1194 2501 1225 2550 et
1241 2486 1357 2550 iniuste

376 2569 493 2654 detinet
526 2590 637 2653 aliena.
674 2588 707 2653 Si
742 2609 817 2673 ergo
849 2609 915 2652 non
952 2588 1026 2654 licet
1053 2580 1148 2654 alicui
1175 2589 1402 2675 dispensarem

375 2715 450 2759 cum
469 2694 576 2778 aliquo
599 2707 825 2779 preceptorum
847 2693 982 2775 domini,
1007 2694 1214 2758 manifestum
1236 2695 1359 2759 videtur

375 2801 463 2885 quod
487 2820 551 2863 non
568 2798 706 2863 subiacet
720 2796 871 2883 potestati
884 2797 1023 2861 humane
1039 2797 1236 2882 privilegiata
1251 2799 1360 2863 locum

377 2903 427 2967 vel
448 2903 624 2985 hominem,
652 2918 689 2967 ut
715 2903 809 2967 liceat
831 2900 890 2964 sibi
913 2902 1017 2965 vivere
1040 2917 1150 2966 contra
1173 2904 1360 2966 mandatum

377 3008 584 3071 dominicum.
623 3009 663 3071 Et
697 3007 748 3070 hic
780 3005 935 3069 mirantur
961 3007 1121 3087 nonnulli,
1153 3027 1226 3070 cum
1253 3006 1294 3070 sit
1320 3009 1360 3069 ad

377 3112 575 3197 privilegium
597 3112 675 3177 locis
691 3111 807 3175 sanctis
822 3112 909 3196 quod
926 3110 1106 3174 eximantur
1127 3133 1145 3173 a
1168 3131 1360 3195 quocunque
1372 3128 1402 3179 25

172 3235 266 3280 cuntur
281 3236 358 3291 stant·
378 3218 517 3280 tumultu
534 3217 679 3281 secularis
695 3215 829 3300 negocii,
844 3217 1012 3299 quomodo
1023 3216 1199 3300 superiores
1209 3216 1360 3299 prepositi

166 3289 361 3386 iiiiiliii'i.
378 3322 516 3402 ecclesie,
547 3322 663 3385 scilicet
694 3320 846 3405 episcopi,
870 3320 990 3405 priores
1023 3335 1053 3384 et
1083 3319 1211 3383 abbates
1242 3321 1360 3383 nedum

164 3393 360 3490 “iiiniiei‘id
378 3427 564 3510 permittunt
579 3427 633 3489 sed
650 3426 817 3490 vendicant
832 3439 868 3488 ut
891 3424 1093 3508 privilegium
1110 3438 1141 3487 et
1163 3422 1362 3508 pertinaciter

225 3498 307 3555 ”³⁴⁵³
379 3531 562 3610 defendunt,
594 3531 683 3615 quod
713 3530 747 3594 in
779 3529 919 3593 ecclesiis
948 3528 1014 3592 suis
1046 3549 1082 3592 ac
1110 3527 1270 3591 cimiteriis
1296 3529 1361 3592 suis

379 3635 441 3700 sint
463 3636 603 3699 nundine
626 3650 656 3699 et
678 3634 829 3700 secularia
857 3633 987 3717 negocia
1015 3653 1078 3717 que
1106 3653 1272 3719 nunquam
1294 3633 1404 3701 sine3o

378 3740 453 3802 dolo
469 3755 500 3804 et
520 3739 649 3803 crimine
665 3738 833 3823 multiplici
854 3752 1046 3801 exercentur.
1071 3737 1158 3801 Cum
1173 3752 1280 3801 autem
1296 3742 1360 3800 non

379 3859 425 3908 est
446 3843 595 3928 possibile
619 3858 655 3907 ut
677 3845 743 3906 duo
767 3843 924 3908 contraria
946 3841 1009 3905 sint
1036 3842 1132 3906 simul
1160 3841 1361 3925 privilegium

379 3948 480 4011 eidem
496 3947 633 4030 ecclesie,
649 3948 855 4012 manifestum
876 3961 922 4011 est
936 3948 1025 4031 quod
1042 3948 1092 4010 nel
1108 3960 1234 4031 oportet
1250 3966 1362 4030 negare

379 4051 575 4137 privilegium
592 4052 668 4116 iuris
683 4052 780 4116 divini
797 4073 835 4117 ac
850 4051 926 4115 iuris
941 4049 1086 4115 canonici
1102 4052 1141 4114 de
1157 4050 1362 4134 exempcione

417 4318 446 4352 n.
459 4306 477 4352 B
489 4306 514 4354 in
526 4319 599 4365 marg.
614 4306 739 4353 mameluc
757 4305 857 4354 Furtum
867 4306 891 4353 ln
907 4304 1015 4352 eeclesia.
1120 4317 1153 4363 ¹7·
1173 4304 1204 4350 Bt
1221 4303 1252 4350 sit
1265 4303 1361 4361 printe-

378 4375 463 4431 giator.
566 4374 597 4422 ir.
611 4378 633 4422 Α
646 4376 670 4422 in
685 4388 774 4435 maren
792 4375 932 4424 antelucio.
1285 4393 1323 4404 ··
