3262 5226
28 39 58 621 ,l
277 452 402 545 car-s]
640 468 889 526 nunccunsta.

166 632 316 705 1t1500ad
333 627 504 694 formaliter
515 642 609 712 atque
626 624 750 690 notorie
769 622 961 689 antecedens
979 624 1022 687 ad
1036 642 1268 708 quamcunque

242 707 252 719 ’
277 733 424 798 iniuriam
445 746 492 796 est
513 727 675 794 licenciare
698 728 738 792 ad
753 729 860 814 ipsam
881 725 1048 810 iniuriam3
1071 739 1108 792 ut
1128 727 1155 791 si
1177 728 1266 791 Deus

278 841 332 903 dat
361 835 438 901 mihi
468 833 632 900 licenciam
653 832 693 897 ad
717 830 929 917 frangendum
961 844 1059 917 caput
1080 831 1268 918 presbyteri,

278 958 311 1008 et
339 941 401 1005 hoc
431 960 496 1004 non
518 951 623 1022 potest
643 934 710 1001 fieri
733 935 800 1001 sine
823 934 974 1016 facinore,
1003 950 1081 1000 tunc
1104 937 1189 1000 Deus
1211 938 1268 1002 det

255 1045 357 1117 smihi
388 1044 549 1109 licenciam
571 1043 611 1107 ad
638 1041 760 1107 facinus
782 1042 1044 1126 perpetrandum.
1068 1039 1267 1127 Correspon·

279 1151 398 1228 denter,
429 1162 539 1213 notato
570 1146 721 1211 scelerato
750 1145 886 1231 fugitivo
908 1143 1092 1231 quiescente
1123 1145 1155 1209 in
1177 1144 1267 1221 dicto

280 1253 471 1316 monasterio
500 1272 575 1316 cum
605 1249 714 1336 rapina
737 1271 796 1334 pro
828 1271 889 1314 suo
922 1264 1089 1334 perpetuo,
1116 1264 1269 1336 queretur
1387 1331 1390 1335 Ι

279 1358 319 1420 ab
350 1378 390 1421 eo
420 1358 470 1422 vel
500 1355 686 1420 defendente
718 1355 781 1418 hoe
803 1353 1018 1440 privilegium,
1040 1376 1059 1418 a
1082 1375 1149 1440 quo
1170 1355 1269 1420 habet

280 1461 444 1525 licenciam
473 1460 517 1525 sic
547 1459 713 1545 pausandi.
757 1459 792 1524 si
813 1457 938 1523 dicatur
959 1460 1049 1544 quod
1073 1458 1268 1540 nonhabet,

240 1580 357 1636 rotunc
388 1565 509 1629 licitum
537 1578 584 1629 est
606 1563 814 1629 collacionem
837 1576 904 1627 tam
927 1562 1071 1628 illicitam
1094 1584 1266 1629 remouere.

281 1670 313 1732 Si
337 1670 459 1734 dicatur
479 1671 567 1756 quod
590 1690 608 1732 a
630 1689 702 1753 rege
717 1667 812 1732 habet
826 1667 917 1731 iliam
931 1668 1109 1756 licenciam,
1124 1668 1268 1755 sequitur

281 1794 354 1839 cum
377 1773 458 1838 veris
478 1775 565 1859 quod
586 1794 641 1838 rex
663 1773 807 1838 licentiat
826 1774 868 1836 ad
883 1774 1074 1839 antecedent
1095 1773 1268 1838 formaliter

280 1880 319 1942 ad
352 1894 526 1964 peccatum,
557 1894 589 1944 et
620 1881 715 1964 longe
748 1877 926 1943 coloracius
948 1878 1011 1942 dici
1032 1878 1152 1964 poterit
1177 1880 1267 1964 quod

281 2003 332 2047 rex
355 1984 490 2069 legitime
512 1983 655 2049 licenciat
685 1985 724 2047 ad
748 1983 960 2048 auferendum
982 1983 1180 2069 temporalia,
1210 1984 1268 2048 sed

242 2089 370 2158 15nullo
404 2091 502 2152 modo
524 2090 563 2152 nd
587 2088 767 2152 faciendum
789 2087 939 2152 iniuriam
967 2088 1159 2172 cuicunque,
1190 2108 1267 2152 nam

281 2193 401 2256 nbiacio
433 2193 496 2257 fieri
530 2207 636 2278 potest
668 2192 809 2275 legitime
833 2192 888 2256 sed
912 2214 978 2256 non
1010 2193 1082 2257 talis
1110 2195 1266 2262 detentio.

324 2299 471 2362 Secundo
493 2297 625 2383 quesivi,
647 2296 672 2360 si
697 2297 849 2382 fugitivus
872 2297 1059 2361 huiusmodi
1088 2299 1190 2383 possit
1211 2321 1264 2363 ex·
1284 2307 1407 2358 Another
1420 2323 1490 2359 esse.

281 2403 518 2483 communicari,
554 2404 633 2466 dum
665 2400 758 2467 fuerit
789 2401 821 2465 in
853 2403 927 2465 loco
956 2402 1013 2466 illo
1040 2424 1100 2489 pm
1128 2403 1267 2469 facinore

282 2510 415 2571 exterius
431 2521 619 2591 perpetrato,
641 2507 691 2570 vel
713 2507 738 2570 si
762 2507 1025 2572 excomunicatus
1048 2522 1135 2572 extra
1156 2508 1267 2574 locum

240 2644 273 2680 ιο
282 2626 312 2675 et
335 2609 457 2694 fugiens
479 2612 518 2675 ad
550 2612 656 2696 ipsum
678 2632 718 2675 ne
746 2611 863 2677 virtute
894 2611 998 2675 brevis
1020 2613 1096 2698 regii
1124 2613 1268 2699 capietur

281 2716 320 2777 ad
343 2737 506 2800 carcerem,
538 2718 664 2782 habebit
687 2718 719 2781 in
743 2717 829 2782 dicto
852 2718 1049 2781 monasterio
1072 2716 1268 2784 libertatem?

282 2820 323 2883 Et
359 2821 479 2886 dictum
510 2836 557 2887 est
587 2822 665 2886 mihi
697 2822 784 2907 quod
817 2842 894 2903 non,
916 2822 991 2907 quia
1014 2822 1101 2906 leges
1127 2824 1267 2889 humane

282 2946 347 2988 non
364 2927 513 3012 derogant
535 2926 657 3011 legibus
679 2942 709 2991 et
732 2926 791 2990 iuri
815 2927 956 3008 ecclesie,
979 2940 1012 2990 et
1034 2927 1210 3011 specialiter
1231 2942 1269 2993 ut

282 3029 578 3095 inobedientissimis
605 3030 921 3096 excommunicandis
953 3046 1136 3116 apponatur
1160 3034 1267 3098 anime

240 3151 270 3203 ι5
284 3136 453 3219 medicina;
483 3136 570 3201 aliter
591 3137 677 3201 enim
699 3137 805 3201 liceret
827 3136 993 3200 excludere
1016 3151 1048 3202 et
1069 3137 1268 3224 privilegians

283 3240 483 3325 spiritualiter
515 3240 688 3324 infirmum,
723 3256 760 3307 ut
789 3242 951 3306 sordescat
982 3241 1015 3304 in
1050 3242 1181 3307 erimine
1208 3263 1268 3308 nec

282 3346 414 3430 accipiat
435 3347 666 3410 eorreccionem
684 3347 724 3409 ab
747 3345 895 3427 homine;
917 3347 1008 3430 quod
1031 3328 1107 3411 cum
1129 3348 1169 3413 sit
1191 3369 1268 3412 con·

282 3464 328 3513 tra
358 3451 460 3536 legem
491 3451 701 3536 correpciouis
736 3450 882 3534 fraterne,
906 3451 1039 3516 Matthei
1062 3454 1191 3536 XVlll⁰‚
1219 3455 1268 3536 15,

283 3554 318 3617 Si
334 3556 522 3639 peccaverit
542 3557 575 3620 in
596 3566 626 3620 te
638 3556 758 3642 frater
771 3568 848 3620 tures
869 3565 940 3635 ele„
956 3557 1164 3622 manifestum
1178 3558 1265 3622 vide·

240 3675 273 3728 3ο
283 3675 333 3723 tur
364 3663 451 3746 quod
482 3660 551 3724 talis
583 3660 724 3725 defensio
756 3683 823 3725 non
854 3662 951 3727 habet
981 3662 1183 3749 privilegium
1212 3664 1269 3727 sed

282 3766 488 3850 pravilegium
511 3766 702 3830 Antichristi.
725 3767 847 3830 Ymmo
866 3787 943 3831 cum
964 3767 1036 3832 talis
1059 3768 1101 3832 sit
1120 3768 1215 3853 plene
1237 3781 1270 3832 et
1315 3833 1319 3840 ,
1375 3800 1377 3804 ⁴

284 3889 349 3933 non
388 3870 494 3934 minus
523 3869 816 3936 excommunicatus
852 3892 872 3935 a
904 3871 984 3954 Deo,
1020 3892 1087 3936 non
1121 3873 1269 3937 obstante

282 3976 370 4059 quod
408 3976 563 4041 sentencia
600 3998 666 4041 non
704 3977 744 4042 sit
774 3977 837 4041 lata
868 3978 909 4040 ab
945 3977 1089 4060 homine,
1125 3978 1270 4064 sequitur

323 4281 354 4314 to.
368 4270 444 4325 ΑΑ,ι
458 4268 619 4314 cabaclenent.
700 4270 732 4315 ιθ.
743 4269 774 4315 lis
785 4268 826 4314 sed
837 4279 886 4314 non
896 4274 932 4313 est
942 4267 995 4313 talis
1005 4269 1123 4315 detenele.
1198 4281 1231 4328 17.
1244 4270 1269 4316 tt

282 4350 307 4382 ιιι
322 4349 409 4393 marga
423 4336 529 4384 Secunde
543 4339 641 4395 questio.
743 4351 779 4384 ao.
793 4338 865 4384 breve
878 4338 895 4384 l.
910 4350 931 4382 e.
945 4339 1092 4385 mandatnm.
1196 4350 1231 4385 ιι.
1244 4340 1269 4386 tt

283 4409 305 4453 in
321 4420 409 4465 marga
423 4405 562 4465 Responsio.
668 4407 703 4454 28.
718 4409 736 4454 li
750 4409 774 4454 ln
790 4421 879 4468 marga
894 4408 973 4454 ttettt.
988 4406 1051 4454 vltt.
