3262 5226
720 489 888 543 tonsurus
906 488 1050 543 wreus.
1211 467 1291 559 [cat.
1305 483 1367 530 vn.

392 659 444 710 tus
471 646 682 731 privilegium
715 654 840 711 terretur
870 648 1017 709 amittere
1047 648 1103 729 qui
1132 666 1195 710 sua
1228 646 1483 724 abrrtitur153·0

387 760 556 835 potestate,
587 763 619 814 et
649 749 754 813 omnis
784 750 971 841 criminosus
1002 763 1038 814 ut
1069 749 1112 813 sic
1144 771 1201 814 sua
1231 751 1370 815 abutitur

392 869 556 939 potestate,
578 875 651 918 cum
667 853 793 918 racione
807 854 950 918 mortalis
964 854 1081 938 peccati
1105 854 1269 919 inficientis
1291 856 1368 919 abu·

392 960 467 1025 titur
496 959 590 1024 bonis
620 973 745 1023 nature:
776 959 917 1044 sequitur
949 960 1036 1043 quod
1067 960 1172 1023 omnis
1203 959 1369 1023 criminose

392 1065 509 1130 intrans
530 1076 619 1149 septa
641 1063 768 1127 ecclesie
783 1078 905 1128 tenetur
927 1078 964 1128 ut
986 1062 1029 1126 sic
1051 1064 1219 1148 privilegiis
1241 1064 1394 1128 ecclesies

393 1190 451 1251 pto
474 1170 529 1232 illo
552 1182 695 1253 tempore
718 1189 782 1231 non
797 1169 942 1252 gaudere.
959 1169 999 1231 Et
1021 1168 1081 1232 hoc
1104 1183 1150 1232 est
1173 1182 1285 1231 notum
1309 1169 1369 1231 illis

393 1273 446 1356 qui
478 1272 583 1336 sciunt
612 1273 700 1357 quod
730 1272 881 1357 quicquid
909 1270 1095 1334 criminosus
1119 1270 1223 1336 lecerit
1245 1273 1370 1336 racione

393 1376 511 1461 peccati
528 1375 693 1441 inficientis
707 1389 815 1460 peccat
837 1374 1018 1441 mortaliter.
1041 1376 1165 1439 Fundet
1180 1397 1254 1460 ergo
1270 1377 1369 1440 homo

394 1479 672 1546 rationabilitatem
705 1479 855 1565 privilegii
879 1499 915 1542 ex
938 1479 1090 1565 scriptura
1112 1493 1142 1543 et
1163 1480 1250 1543 aliter
1274 1480 1369 1543 nichil

393 1586 484 1652 valet.
508 1586 564 1649 llla
583 1601 692 1650 autem
709 1584 869 1670 privilegia
891 1605 952 1670 que
976 1585 1126 1649 debemus
1148 1584 1247 1670 magis
1269 1600 1368 1650 atten·
1382 1614 1414 1650 ro

354 1714 361 1727 ·
393 1691 466 1755 dere
496 1691 569 1775 plus
599 1689 739 1755 relucent
770 1689 801 1753 in
832 1690 962 1773 speculo
998 1690 1161 1775 scripture,
1197 1703 1244 1754 et
1263 1691 1370 1754 minus

395 1795 564 1860 necessaria
587 1796 660 1880 plus
682 1794 821 1876 contuse,
843 1793 918 1879 quia
941 1795 1025 1857 Deus
1048 1793 1101 1879 qui
1125 1815 1190 1858 non
1213 1795 1318 1878 potuit
1337 1795 1370 1857 in

394 1900 563 1985 privilegiis
590 1914 621 1965 et
647 1900 768 1985 scriptis
790 1900 858 1984 ipsa
881 1898 1065 1962 testantibus
1096 1919 1213 1983 sponse
1237 1919 1293 1962 sue
1315 1899 1369 1961 de·

395 2004 495 2086 licere,
526 2004 617 2070 scivit
647 2005 734 2091 quod
767 2003 855 2089 palea
885 2002 957 2088 plus
988 2002 1151 2067 diverteret
1181 2002 1220 2066 ad
1251 2016 1371 2066 terrena

394 2131 490 2195 quam
518 2109 653 2191 celestia,
680 2109 752 2172 ideo
775 2122 810 2173 ut
836 2109 950 2193 gradus
973 2107 1199 2172 notificacionis
1221 2107 1371 2192 scripture
1384 2119 1413 2173 ι5

395 2214 435 2278 sit
448 2213 549 2314 ,nobis
571 2234 630 2298 pro
650 2213 766 2298 regula,
788 2212 938 2297 expressit
959 2212 1118 2297 privilegia
1139 2212 1310 2297 spiritualia
1332 2213 1389 2287 de,

395 2318 610 2403 corporalibus
631 2339 695 2405 que
716 2320 943 2382 adducerentur
965 2316 1130 2381 confusam
1148 2317 1285 2382 adiciens
1307 2317 1370 2380 dis·

148 2416 169 2463 ¹
395 2418 556 2509 ciplinam.
1235 2496 1242 2505 Ι

192 2530 338 2579 eremmon
351 2532 380 2578 οἱ
439 2528 485 2592 Ex
507 2526 576 2591 istis
598 2527 694 2592 tercio
716 2527 873 2611 colligitur
892 2529 979 2612 quod
995 2517 1160 2592 summum
1175 2526 1411 2612 privilegiumR

205 2586 235 2631 all
248 2587 362 2641 tempore!

196 2638 373 2735 'mappa‘
395 2652 455 2717 pro
486 2645 568 2695 statu
600 2632 650 2695 vie
681 2631 760 2697 foret
789 2632 951 2696 ecclesiam
982 2654 1049 2697 esse
1071 2647 1270 2697 exoneratam
1297 2651 1371 2714 pos·
1384 2660 1416 2696 ιο

172 2748 291 2839 ωτεῗὶαῑ
312 2741 387 2840 ppt-h
397 2735 536 2801 sessione
573 2736 654 2800 civili
696 2736 929 2821 temporalium,
967 2738 1118 2801 currendo
1162 2736 1256 2800 libere
1300 2747 1374 2819 post

178 2795 278 2891 Ἥ
293 2807 360 2892 trie.
398 2839 562 2905 Christum
594 2841 626 2903 in
658 2841 833 2926 evangelica
864 2854 1055 2925 paupertate.
1078 2841 1167 2905 Patet
1189 2861 1226 2903 ex
1253 2840 1375 2902 duabus

183 2959 187 2965 ·
398 2944 657 3009 conclusionibus
690 2945 939 3030 precedentibus,
971 2967 1045 3008 nam
1068 2960 1103 3010 ut
1125 2945 1169 3008 sic
1198 2943 1375 3029 disponitur

398 3047 498 3114 fidelis
533 3048 660 3114 Christo
690 3050 822 3113 similius
845 3065 876 3115 et
897 3051 1038 3135 paracius
1060 3053 1098 3114 ad
1124 3049 1375 3134 conquirendum

400 3174 532 3239 regnum
564 3156 715 3220 celorum.
747 3156 838 3220 Unde
870 3169 901 3220 et
933 3156 993 3220 hoc
1024 3153 1220 3239 privilegium
1249 3165 1417 3218 notatores

400 3257 432 3320 in
472 3259 602 3323 ecclesia
629 3259 813 3345 expressius,
850 3260 946 3324 alcius
977 3274 1007 3324 et
1038 3259 1173 3324 crebrius
1207 3258 1375 3321 carioribus

401 3360 515 3427 Christi
539 3364 700 3447 discipulis
723 3361 774 3450 (ut
795 3378 881 3449 patet
896 3363 1026 3428 Matthei
1049 3365 1103 3445 X0,
1128 3365 1212 3426 Luce
1234 3362 1322 3426 XlV⁰
1345 3376 1376 3426 ct

401 3465 437 3546 l⁸,
460 3466 633 3552 Thymotei
650 3464 739 3553 Vl⁰);
759 3469 797 3530 ad
814 3468 874 3531 hoc
891 3467 974 3531 enim
990 3469 1150 3553 copiosius
1166 3468 1376 3553 sequebantur

401 3570 484 3633 bona
506 3572 618 3656 gracie.
651 3570 865 3636 Confirmatur
886 3573 990 3656 primo
1012 3573 1070 3637 sic:
1098 3573 1241 3638 Christus
1270 3573 1406 3657 posuita

401 3675 533 3739 vicarios
556 3697 632 3739 suos
647 3677 678 3739 in
704 3677 839 3740 maxima
859 3677 999 3741 libertate
1022 3693 1052 3741 et
1074 3678 1237 3763 privilegio
1259 3678 1291 3741 in
1314 3679 1376 3741 hoc
1388 3694 1420 3748 30

402 3780 487 3863 quod
513 3781 652 3865 regulam
668 3781 753 3844 illam
778 3781 911 3844 iniunxit
926 3781 1121 3865 singulariter
1135 3782 1199 3846 suis
1215 3782 1376 3866 apostolis,

402 3903 477 3967 ergo
499 3887 671 3949 conclusio.
705 3887 778 3949 Non
800 3887 885 3950 enim
908 3886 979 3949 licet
1002 3907 1112 3969 negare
1134 3886 1211 3968 quin
1234 3886 1379 3950 Christus

403 3988 608 4072 privilegiavit
630 4011 726 4054 suum
747 3990 926 4075 collegium,
946 4011 1019 4054 cum
1035 3990 1121 4054 dedit
1143 3989 1187 4052 eis
1209 3989 1292 4073 leges
1315 3990 1379 4051 sin·

442 4227 465 4267 4.
474 4215 505 4270 Α,
514 4215 629 4269 corrigere
637 4215 697 4259 vult:
708 4213 857 4258 criminosas.
928 4226 951 4266 4.
966 4214 987 4257 Α
997 4212 1019 4257 ln
1028 4224 1105 4269 merge
1119 4209 1259 4267 Responsio.
1325 4209 1347 4254 8.
1357 4212 1380 4255 Α

403 4283 427 4328 le
442 4294 526 4338 merga
547 4281 618 4328 Note.
722 4282 751 4328 rs.
770 4283 792 4328 Α
812 4284 856 4338 Α,ε
876 4279 976 4326 Nonnt.
1080 4294 1110 4338 ¹7·
1125 4282 1204 4337 Atta
1225 4281 1379 4325 edicerentur.

402 4353 589 4482 ahztpknpprg
603 4366 610 4396 r
625 4351 708 4398 Tereia
722 4352 850 4398 conclusio.
942 4361 975 4396 tt.
989 4353 1011 4397 Α
1025 4352 1048 4398 ln
1063 4363 1152 4408 merge
1165 4350 1303 4408 Responsio.
1319 4349 1380 4393 Part·
