3262 5226
433 309 441 317 ⁹
488 351 657 406 sorranus
674 349 821 404 wrctrr.
951 328 1061 420 '[cnr.
1074 343 1148 393 xro.

168 512 209 576 Et
239 510 301 576 hiis
331 524 472 594 quatuor
509 507 613 573 modia
645 509 823 573 secundum
861 507 1027 571 decretum
1065 505 1149 570 beati
1160 522 1262 576 203⁰).⁸
1347 543 1354 583 γ

168 614 325 700 Gregorii,
361 613 451 678 Xlll⁸
484 634 517 698 q.
555 613 594 697 11,
640 609 755 678 Anime
792 611 1030 698 defunctorum,
1075 631 1150 676 con·
1346 596 1349 601 ’

167 718 261 803 tingit
288 718 459 784 animabus
485 718 516 782 in
541 718 727 803 purgatorio
755 716 932 803 suffragari,
958 737 1071 803 ymmo
1098 716 1150 803 (ut

168 845 243 909 sepe
281 822 361 911 dixi)
398 843 455 908 per
492 842 622 887 omnem
661 823 759 888 vitam
797 823 846 887 vel
888 842 1018 908 operam
1057 823 1149 886 meri·

168 930 283 994 toriam
316 928 459 996 viatoris.
501 928 596 994 Unde
627 928 707 993 ritus
729 947 827 1012 quem
850 927 1006 1013 approbat
1037 928 1175 996 beatuss

123 1063 134 1096 r
168 1032 359 1099 Ambrosius
395 1032 429 1098 in
461 1034 509 1097 De
540 1031 677 1114 Officiis,
716 1033 841 1118 positus
880 1032 911 1097 in
942 1032 1149 1096 conclusione

123 1167 139 1200 ι.
167 1139 322 1223 predicta,
345 1137 521 1225 plurimum
546 1153 594 1203 est
616 1138 809 1203 laudandus:
836 1137 930 1216 Quin,
953 1136 1070 1221 inquit,
1092 1137 1151 1200 ulii

168 1244 300 1309 tercium
333 1243 427 1323 diem,
459 1244 517 1307 ulii
545 1243 713 1328 septimum
736 1242 830 1323 dnm,
857 1243 914 1307 ulii
938 1243 1148 1323 tricesimum,

168 1349 224 1413 ulii
245 1347 531 1435 quadragesimum
548 1349 719 1413 observare
740 1357 974 1413 consueverunt
986 1347 1019 1411 in
1035 1348 1151 1434 ‹n'ficiis

168 1464 383 1534 mortuorum,
417 1453 494 1538 quid
524 1453 636 1518 doceat
668 1453 763 1518 leeeio
802 1452 1047 1517 consideremus.
1084 1452 1149 1516 De·
1163 1481 1194 1518 ro

156 1557 277 1643 suncto
308 1557 433 1645 quidem
465 1558 564 1624 Jacob
591 1560 730 1644 precipit
750 1558 865 1644 Joseplr
882 1558 996 1643 pueris
1017 1559 1089 1623 suis
1117 1568 1151 1622 ut

165 1663 340 1747 sepelirent
370 1682 442 1727 eum
470 1673 500 1727 et
527 1663 725 1748 sepelierunt
755 1664 933 1748 sepultores
968 1661 1088 1741 Israel,
1120 1673 1152 1727 et

166 1766 314 1851 completi
334 1777 411 1832 sunt
431 1767 650 1853 quadraginta
678 1768 747 1833 dies
775 1770 889 1849 luctus,
911 1782 947 1832 ut
974 1782 1064 1853 patet
1088 1769 1150 1832 Ge·

167 1872 249 1937 nesis
266 1873 318 1937 L0.
344 1871 406 1936 Sed
418 1873 518 1937 eciam
534 1872 567 1936 in
584 1872 848 1952 Deuteronomio,
867 1872 1006 1958 capitulo
1022 1872 1149 1955 ultimo,

167 1991 198 2041 et
239 1975 373 2041 Numeri
410 1977 469 2041 XX
510 1977 666 2061 scripturn
703 1989 773 2043 est:
823 1977 906 2056 Quia
943 1978 1151 2061 planxerunt
1164 1993 1193 2047 15

124 2093 129 2103 ’
157 2080 227 2167 filii
258 2081 369 2147 Israel
396 2082 537 2166 Moysen
568 2082 701 2169 triginta
735 2083 845 2148 diebus
874 2092 905 2147 et
935 2085 1151 2148 consummati

167 2195 241 2250 sunt
255 2184 451 2252 dies'luctus.
476 2185 523 2251 llli
543 2201 651 2251 autem
674 2188 731 2273 qui
754 2201 880 2252 servant
905 2188 988 2253 diem
1013 2190 1149 2253 tercium

170 2290 343 2377 respiciunt
357 2290 530 2358 trinitatem
541 2292 591 2356 vel
601 2291 744 2356 triduum
753 2293 999 2358 resurreccionis
1015 2294 1150 2376 Christi;

169 2395 225 2481 qui
248 2409 359 2460 autem
387 2396 558 2460 observant
580 2397 753 2480 septimum
768 2399 938 2462 observant
960 2413 1150 2482 perpetuam

170 2501 311 2587 quietem
335 2500 454 2582 anime,
477 2521 540 2586 que
563 2514 611 2566 est
634 2503 730 2567 tercia
754 2522 827 2566 curn
852 2503 1060 2587 copulacione
1083 2523 1195 2571 cor-20

170 2604 266 2691 poris,
295 2606 385 2689 quod
409 2618 458 2670 est
479 2619 633 2690 quatuor;
665 2626 703 2668 ex
731 2608 849 2691 quibus
871 2622 979 2672 autem
1003 2620 1152 2672 constant

171 2724 308 2796 septem3
324 2710 380 2795 qui
397 2723 505 2775 autem
527 2711 698 2775 observant
714 2711 920 2796 trigenarium
946 2712 1151 2776 considerant

171 2817 337 2899 quomodo
359 2835 397 2879 ex
413 2815 540 2880 duobus
555 2815 774 2899 quindenariis
790 2819 967 2882 secundum
985 2838 1103 2901 corpus
1120 2830 1152 2880 et

171 2920 310 2984 animam
335 2920 386 2984 ille
408 2934 540 3004 constat,
565 2921 795 3004 quindenarius
824 2936 931 2986 autem
956 2922 1090 2985 resultat
1114 2942 1151 2985 ex

171 3026 351 3110 septenario
387 3039 515 3110 patrum
550 3027 627 3109 legis
660 3028 775 3090 veteris
807 3009 841 3092 et
875 3028 1038 3091 octonario
1074 3027 1153 3109 legis
1165 3043 1196 3095 25

172 3145 268 3194 nove:
301 3131 384 3194 Nam
416 3130 475 3193 hos
509 3131 590 3194 duos
615 3152 766 3196 numeros
789 3122 927 3216 quadam
955 3131 1153 3216 proprietate

172 3238 281 3301 colunt
314 3236 491 3320 specialiter
523 3237 574 3300 isti
607 3250 723 3321 patres.
756 3238 821 3316 Qui
845 3253 951 3302 autem
981 3238 1153 3301 observant

171 3341 453 3426 quadrigenarium
503 3355 671 3424 expectant
726 3341 864 3407 fructum
909 3341 1154 3406 resurreccionis

173 3469 228 3530 per
251 3461 389 3510 mortem
409 3445 529 3510 Christi
554 3445 610 3531 qui
639 3445 773 3511 totidem
804 3448 892 3511 horis
916 3448 1032 3510 dicitur
1055 3447 1154 3510 fuisse

173 3567 331 3633 mortuus,
344 3552 416 3615 licet
432 3570 504 3614 arca
520 3549 651 3633 triginta
668 3570 721 3613 sex
738 3551 833 3615 horas
844 3552 982 3615 iacuitin
994 3552 1153 3634 sepulcro,
1165 3566 1199 3618 30

173 3671 203 3720 et
226 3656 270 3719 sic
293 3657 333 3720 de
357 3655 645 3741 quinquagenario,
669 3658 854 3720 centenario
870 3658 918 3719 vel
935 3656 1154 3719 anniversario

173 3762 350 3825 secundum
378 3761 537 3825 racionem
567 3760 617 3823 cui
651 3760 786 3824 devocio
814 3761 925 3846 populi
954 3773 1003 3823 est
1031 3759 1153 3825 affecta.
1241 3775 1249 3788 ·

210 3948 572 4003 §.Atanarpzambrostuu
637 4006 638 4009 Ἴ
680 3946 1157 4004 η.ΑΒεκρυΙῐοταάοειιςΙικῐυιυῐ

174 4025 249 4135 3:221
249 4018 311 4134 εἴη
326 4016 346 4063 L
363 4018 428 4106 deest
445 4020 471 4065 lu
489 4017 574 4064 decret
680 4015 711 4063 ri.
730 4029 781 4076 cap.
800 4018 842 4063 ult.
861 4022 883 4063 et
901 4016 971 4063 Num.
986 4015 1114 4120 man
1128 4016 1152 4061 ln

217 4229 241 4266 a.
262 4216 337 4267 Dece.
356 4227 408 4267 sec.
428 4230 497 4283 pars,
516 4216 600 4267 Causa
618 4186 687 4279 ritu,
710 4229 736 4282 q.
756 4213 787 4278 ll,
806 4229 863 4284 cap.
883 4213 949 4265 xxtt
974 4212 1090 4264 Animae
1111 4212 1156 4264 de·

164 4302 324 4370 junctorum
344 4303 394 4353 and
414 4317 470 4371 cup.
488 4304 570 4355 xutv
591 4302 663 4372 Quia
681 4300 740 4354 alil.
804 4323 807 4328 ·
