3262 5226
819 484 985 538 sorranus
1002 483 1153 537 wrcmr.
1359 461 1510 554 [canvn.

528 656 663 726 econtra,
678 665 753 709 cum
767 643 810 708 ll⁰
824 639 965 704 Machab.
980 640 1036 718 νο,
1058 661 1106 724 19,
1123 639 1281 704 scribitur:
1292 640 1365 703 Non
1372 651 1510 723 propter
1522 652 1622 726 ¹⁴u⁴1

527 749 633 812 locum
655 759 796 834 gentem,
823 744 881 810 sed
900 753 1040 830 propter
1064 754 1194 832 gentem
1226 745 1332 809 locum
1360 745 1511 809 dominns

528 853 637 938 elegit.
660 854 701 917 Et
718 864 805 937 patet
820 850 905 936 quod
920 848 1060 934 pollucio
1074 849 1137 912 loci
1152 869 1217 912 non
1233 848 1398 933 impediret
1414 848 1511 913 racio·

529 959 672 1022 nabiliter
686 956 810 1021 cultum
829 954 898 1036 Dei,
912 953 972 1017 nisi
990 955 1035 1032 ⁴de
1055 966 1175 1038 quanto
1187 953 1349 1017 horrorem
1358 954 1512 1019 incuteret

528 1085 566 1128 ex
580 1074 719 1147 peccato,
741 1073 861 1124 etcum
876 1058 977 1123 maius
991 1071 1156 1142 peccatum
1171 1059 1325 1122 maiorem
1346 1060 1535 1130 horrorems

529 1168 690 1250 incuteret,
712 1164 855 1250 sequitur
877 1163 962 1250 quod
983 1176 1146 1247 peccatum
1163 1163 1287 1248 gravius
1303 1163 1511 1228 commissum

528 1273 561 1336 in
592 1270 771 1336 sanctuario
791 1270 904 1354 pocius
924 1267 1090 1332 retraheret
1112 1289 1130 1332 a
1152 1268 1260 1333 divino
1282 1269 1418 1337 servitio.
1445 1270 1512 1335 Nec

335 1457 339 1464 Ι
440 1446 443 1451 ,
528 1377 614 1442 aliud
636 1375 749 1440 volunt
770 1374 855 1458 leges
870 1372 996 1438 ecclesie
1017 1373 1120 1438 debite
1142 1374 1307 1440 intellecto.
1330 1376 1405 1438 Non
1425 1373 1510 1439 enim

529 1481 600 1546 licet
621 1479 734 1545 clerico
749 1477 865 1544 Christi
881 1477 976 1542 cecari
992 1478 1023 1541 in
1039 1478 1175 1542 stulticia
1189 1478 1361 1562 phariseica
1377 1478 1431 1564 (de
1447 1501 1511 1565 qua

528 1584 659 1649 Matthei
673 1582 775 1669 ΧΨ),
789 1584 861 1667 plus
874 1581 1081 1667 appreciando
1091 1581 1250 1646 locionem
1263 1584 1458 1667 corporalem
1473 1605 1510 1647 ex
1522 1612 1554 1650 1ο

528 1689 610 1774 pluri
632 1688 762 1753 horrore
788 1687 887 1752 sordis
909 1707 1057 1773 corporee
1079 1708 1177 1773 quam
1198 1687 1367 1751 locionem·
1383 1687 1510 1771 spiritu·

528 1795 611 1859 alem
641 1815 661 1858 a
689 1793 780 1857 sorde
810 1791 924 1875 anime,
960 1812 1033 1855 cum
1066 1794 1242 1856 secundum
1282 1791 1510 1857 diffinicionem

529 1896 657 1984 Christi,
681 1917 744 1981 que
772 1906 891 1962 exerent
916 1917 937 1960 a
963 1896 1059 1962 corde
1084 1898 1248 1962 interioris
1274 1896 1421 1975 hominis,
1453 1898 1512 1963 hec

528 2013 604 2068 sunl
629 2022 690 2087 que
715 2002 1000 2086 preponderanrer
1024 2002 1236 2086 coinquinant
1261 1999 1432 2068 hominem.
1469 2002 1540 2067 Eta

333 2114 387 2161 ⁸¹²³
401 2121 464 2160 usur
476 2121 502 2160 ¹⁰
528 2108 580 2172 hic
595 2107 728 2171 miratur
738 2121 804 2172 tota
819 2105 946 2171 ecclesia
960 2106 1084 2191 laycalis
1099 2126 1195 2191 quare
1210 2105 1311 2170 clerus
1326 2125 1510 2170 excommu·
1523 2135 1551 2188 ,5

321 2165 513 2276 millai?
530 2214 615 2278 nicat
636 2232 711 2276 cum
734 2226 821 2276 tanta
842 2209 993 2276 instancia
1018 2224 1049 2274 et
1071 2206 1192 2274 fervore
1213 2231 1272 2294 pro
1294 2230 1354 2274 suo
1368 2212 1388 2248 ¹
1403 2210 1512 2276 debito
1523 2239 1586 2292 ἠῢ.

312 2279 522 2369 '“msssslfflm'
530 2316 697 2402 corporali,
728 2317 778 2381 vel
799 2337 858 2401 pro
880 2314 1015 2380 sensibili
1037 2315 1200 2401 privilegio
1228 2336 1265 2379 ex
1287 2315 1512 2380 tradicionibus

530 2421 702 2486 hominum
725 2421 919 2503 introducto;
941 2420 1068 2485 clericos
1083 2434 1191 2485 autem
1205 2440 1272 2484 non
1294 2420 1339 2485 sic
1361 2440 1511 2486 excomu-

531 2526 639 2591 uicant
664 2547 723 2611 pro
753 2525 955 2610 rependendo
977 2524 1083 2589 debito
1106 2525 1270 2609 spirituali,
1301 2544 1376 2588 cum
1404 2539 1511 2591 tamen

531 2645 697 2716 peccatum
719 2630 759 2695 sit
780 2629 938 2694 infinitum
961 2629 1084 2713 gravius
1107 2644 1138 2695 et
1160 2630 1302 2695 debitum
1328 2630 1407 2698 illud
1429 2653 1507 2718 quo·
1521 2673 1555 2711 ,ο

531 2739 572 2803 ad
582 2738 686 2802 Deum
702 2736 743 2799 sit
758 2734 939 2819 obligacius.
955 2734 1029 2799 Plus
1044 2735 1144 2799 eciam
1160 2735 1239 2801 foret
1254 2737 1294 2800 ad
1309 2737 1512 2824 privilegium

532 2857 563 2908 et
583 2839 843 2906 iustificacionem
865 2837 990 2904 ecclesie
1004 2841 1090 2924 quod
1105 2842 1347 2924 prevaricatores
1368 2842 1511 2907 mandati

531 2947 588 3011 Dei
599 2967 655 3031 per
669 2965 815 3010 censuras
825 2944 950 3010 ecclesie
966 2945 1027 3008 sint
1040 2944 1169 3009 correcti
1183 2967 1281 3031 quam
1296 2947 1383 3032 quod
1399 2967 1512 3012 omnes

530 3051 609 3115 ritus
631 3050 762 3113 humani
778 3050 840 3134 legi
855 3049 968 3114 Christi
992 3048 1182 3134 superadditi
1198 3050 1260 3114 sint
1275 3066 1510 3135 quantumcun-

532 3176 593 3242 que
615 3153 831 3238 multipliciter
855 3154 1035 3239 regulariter
1057 3174 1093 3216 ac
1116 3154 1320 3240 solempniter
1344 3156 1510 3221 observati.
1522 3180 1553 3233 25

573 3258 797 3323 Recoleremus
830 3259 984 3344 siquidem
1015 3260 1103 3344 quod
1125 3273 1253 3344 propter
1275 3262 1546 3346 preponderau·1r

531 3365 613 3428 ciam
639 3363 715 3428 ritus
753 3363 913 3448 phariseici
944 3365 1005 3448 legi
1036 3363 1093 3427 Dei
1130 3364 1285 3428 destructe
1317 3380 1391 3431 sunt
1423 3368 1511 3431 Jeru-

532 3470 629 3532 salem
652 3481 682 3532 et
707 3469 805 3533 Judca
827 3465 877 3555 (ut
898 3483 983 3553 patet
1003 3468 1134 3532 Matthei
1150 3469 1224 3533 XV⁰
1248 3483 1278 3533 et
1295 3471 1380 3535 Luce
1395 3469 1510 3558 Xlll0).

532 3573 753 3636 Recoleremus
775 3572 875 3636 eciam
897 3574 1061 3656 quomodo
1084 3571 1284 3656 privilegium
1307 3587 1353 3637 est
1374 3575 1423 3638 lex
1446 3576 1511 3660 pri·
1544 3576 1549 3582 ’

531 3692 602 3741 stata
624 3677 665 3740 ad
691 3678 899 3742 commodum
930 3676 1113 3762 privilegiati
1137 3697 1286 3742 concessa
1312 3698 1329 3739 a
1357 3678 1510 3764 principe,
1522 3701 1556 3755 30

569 3875 586 3909 1.
597 3866 619 3910 Α
628 3863 658 3909 ils
667 3863 686 3909 l.
693 3862 769 3908 llaeh.
780 3863 808 3909 u.
818 3863 893 3910 lincis.
901 3861 941 3910 Vl.
1007 3879 1030 3919 ⁴·
1038 3864 1069 3910 B:
1079 3865 1194 3912 honorem
1203 3866 1322 3913 lacuteret
1385 3865 1407 3914 ⁵.
1416 3866 1435 3911 u
1443 3880 1449 3910 1
1457 3878 1513 3913 cum

533 3935 616 3992 magis.
681 3933 910 3981 &armassemus
924 3945 1037 3980 errorem.
1107 3936 1513 3995 st.Aequameorrcsitesquaudo.

533 4004 562 4051 13.
584 4003 616 4050 Be
634 4003 727 4048 exemit·
831 4004 862 4051 15.
880 4005 902 4050 is
921 4006 945 4052 lu
959 4016 1046 4061 maran
1068 4003 1130 4050 Note
1148 4013 1195 4051 tres
1215 4007 1357 4052 miraculose
1377 4007 1514 4067 questiones

532 4073 625 4119 laicales
646 4086 668 4132 a,
691 4073 715 4132 b,
734 4086 756 4119 c.
780 4074 868 4130 (Belou
888 4075 941 4135 ¹⁴9¹
958 4075 1056 4122 without
1078 4076 1145 4121 maris
1165 4075 1193 4122 ol
1209 4076 1345 4134 reference.)
1424 4089 1455 4135 ¹7·
1479 4076 1513 4124 lla

534 4143 645 4189 sensuali.
735 4145 767 4190 rs.
783 4145 816 4191 lla
839 4157 886 4191 ura
899 4145 1114 4200 excommunicante
1132 4157 1179 4191 aon
1198 4147 1243 4192 alls
1256 4159 1328 4193 manu
1341 4146 1366 4195 lu
1380 4157 1455 4204 marg.
1473 4148 1515 4194 sd·

534 4212 615 4258 ditum.
692 4214 725 4260 23.
741 4215 773 4260 01
786 4227 885 4261 censure
898 4214 921 4260 ln
935 4223 1007 4272 tenu,
1020 4227 1080 4261 corr.
1094 4215 1216 4272 lunares
1229 4227 1350 4261 masuras.
1429 4215 1466 4263 26.
1481 4217 1513 4262 lls

534 4282 690 4330 recoleremus
708 4293 816 4342 proprer;
831 4286 866 4330 Aa
879 4293 976 4342 propter
988 4284 1060 4331 deest
1166 4295 1202 4341 ²7·
1217 4283 1250 4329 Dr
1265 4283 1383 4330 distincte.
1478 4319 1482 4326 .

571 4421 610 4461 ro.
636 4405 728 4461 llatth.
743 4408 800 4476 XV,
822 4407 932 4474 rfl-‚am
