3262 5226
304 586 422 680 cnr-n]
687 605 930 660 naaccnastn

114 748 117 755 Ι
194 783 221 837 1²
238 778 297 848 ¹³4⁸
307 763 562 828 modernioribus
598 761 654 848 qui
696 761 926 827 canonizantur
963 761 1091 828 racione
1127 763 1299 847 parentele,

117 856 123 867 ’
305 881 437 953 questus
450 868 501 932 nel
524 866 666 931 muneris
682 887 747 931 non
764 881 894 952 oportet
917 887 977 931 nos
992 888 1154 952 apponere
1176 880 1301 932 tantam

306 970 419 1056 lidem3
441 992 498 1036 nec
521 991 720 1057 quemquam
741 971 967 1037 canonizatum
997 970 1131 1035 intendo
1162 991 1300 1036 asserere

213 1087 217 1094 '
305 1076 355 1140 vel
378 1075 547 1141 defendere
570 1096 636 1140 non
660 1095 728 1140 esse
750 1090 874 1160 partem
896 1074 1028 1141 ecclesie
1059 1074 1298 1161 triumphantis,

282 1182 360 1249 seed
382 1202 457 1246 cum
479 1181 619 1266 quadam
634 1179 804 1245 formidine
818 1180 943 1263 dubito,
966 1181 993 1246 si
1014 1180 1078 1244 hoc
1093 1180 1199 1263 credo,
1222 1200 1299 1245 cum

305 1284 370 1349 scio
398 1286 485 1370 quod
517 1283 580 1348 hoc
611 1298 659 1348 est
679 1283 846 1369 possibile;
877 1299 909 1349 et
940 1283 1004 1349 hoc
1034 1282 1188 1349 existente
1220 1305 1297 1348 tero

305 1392 400 1454 credo
422 1388 501 1453 illud
517 1387 670 1473 implicite
685 1390 776 1474 quod
791 1387 916 1474 ignoro,
939 1408 998 1453 nec
1012 1389 1090 1454 tolo
1105 1389 1298 1453 contendere

305 1495 344 1576 ad
375 1494 579 1578 probandum
609 1507 756 1578 proterve
786 1495 825 1557 de
857 1493 1004 1578 quolibet
1032 1491 1113 1558 citra
1134 1493 1301 1568 Christum

305 1598 394 1683 quod
430 1597 470 1661 sit
507 1598 629 1680 beatus,
666 1597 813 1682 quamvis
849 1599 890 1663 de
927 1597 1038 1664 multis
1075 1598 1152 1662 hoc-
1170 1601 1301 1663 credam

267 1702 426 1786 roabsque
449 1699 628 1768 formidine.
666 1703 733 1767 Nec
759 1703 912 1767 miracula
934 1701 998 1766 iam
1032 1703 1195 1767 currcncia
1223 1705 1532 1768 dantttocesmtneres

307 1805 457 1869 omnibus
479 1827 589 1870 veram
612 1804 720 1888 fidem,
742 1827 818 1870 cum
840 1820 948 1891 potest
976 1807 1135 1872 committi
1157 1822 1301 1893 potestas
1316 1783 1395 1829 prove
1409 1773 1524 1833 “m

306 1909 435 1974 diabolo
457 1910 490 1974 in
513 1931 632 1996 penam
652 1911 773 1996 peccati
793 1911 1010 1996 generationis
1034 1912 1177 1976 adultere
1208 1912 1300 1998 signa

306 2015 465 2100 querentis
488 2030 520 2081 et
542 2014 641 2081 fidem
664 2017 872 2081 necessariam
886 2016 1122 2081 insensibilium
1136 2016 1300 2082 dimitten-

306 2120 357 2200 tis,
380 2135 416 2185 ut
438 2120 592 2206 portentis
614 2121 680 2185 suis
703 2121 938 2186 antichristiane
961 2122 1115 2186 inducant
1141 2122 1301 2207 plurimos

269 2225 338 2295 rsin
361 2245 499 2288 errorem
523 2224 577 2312 (de
596 2246 737 2311 quorum
757 2225 882 2289 indiciis
897 2226 1021 2290 dictum
1039 2239 1088 2290 est
1101 2226 1184 2290 libro
1200 2239 1301 2308 sesto,

307 2342 396 2393 sexto
418 2326 585 2416 capitulo).

272 2448 299 2514 Q
349 2433 438 2498 Solet
466 2446 576 2498 autem
605 2434 710 2498 vocari
746 2434 936 2498 miraculum
976 2455 1063 2499 nunc
1099 2434 1302 2500 materialiter

307 2538 522 2624 quodcunque
554 2559 637 2623 opus
665 2539 775 2603 aDeo
810 2539 999 2603 miraculose
1031 2537 1162 2623 lactum,
1194 2554 1227 2605 et
1256 2540 1301 2604 sic

307 2642 516 2707 sollicitantur
537 2643 632 2708 multi
660 2645 700 2707 ad
723 2645 948 2708 deducendum
973 2643 1197 2708 conclusiones
1218 2644 1302 2709 maie

265 2762 466 2830 resonantes,
489 2769 565 2812 cum
588 2749 728 2834 quelibet
749 2761 890 2813 meatum
904 2747 1032 2813 videtur
1053 2747 1097 2812 sic
1118 2768 1186 2812 esse
1208 2748 1302 2812 inira·

308 2851 417 2917 culum
448 2854 556 2938 quoad
582 2855 696 2920 Deum.
736 2854 798 2918 Sed
831 2851 1007 2918 formaliter
1042 2851 1176 2916 sumiter
1206 2852 1301 2916 mirs-

308 2956 417 3020 culum
439 2978 499 3041 pro
525 2958 715 3042 operacione
739 2959 807 3022 Deo
829 2957 958 3043 propria
990 2955 1127 3020 mirabili
1149 2970 1301 3040 creature,

308 3073 339 3124 et
360 3061 404 3125 sic
426 3061 508 3125 beati
532 3082 598 3125 non
622 3061 742 3125 faciunt
756 3060 919 3144 miracula,
934 3062 1008 3126 licet
1021 3061 1085 3125 sint
1105 3062 1301 3146 quandoque
1321 3074 1404 3124 susm
1420 3079 1456 3125 oo
1471 3087 1515 3126 nos

309 3165 443 3248 occasio,
474 3180 510 3230 ut
533 3165 620 3229 Deus
649 3165 689 3227 ad
721 3165 908 3230 instanciam
938 3186 1073 3252 precum
1095 3186 1210 3230 eorum
1242 3131 1530 3244 seuit'ssffni'ii'iiiff'y

269 3283 298 3336 25
309 3269 412 3333 meriti
439 3267 531 3333 iaciat
558 3268 758 3336 miraculum.
791 3271 830 3335 Et
856 3286 934 3336 tunc
957 3270 1108 3336 dicuutur
1131 3269 1176 3334 hii
1199 3235 1337 3335 lacerebe
1351 3237 1529 3351 ir‘rffiffl

308 3373 368 3436 tale
401 3372 593 3437 miraculum
623 3375 860 3440 subauctentice
891 3376 942 3440 vel
964 3374 1190 3440 ministratorie
1221 3375 1303 3440 sicut

308 3477 420 3542 solent.
453 3478 493 3541 Et
524 3477 578 3542 illa
609 3479 761 3544 discrecio
789 3480 933 3544 miraculi
971 3495 1018 3545 est
1041 3479 1086 3544 eis
1117 3479 1303 3545 abscondita

309 3580 368 3645 nisi
402 3582 519 3666 quibus
541 3583 629 3648 Deus
661 3585 797 3649 revelare
823 3585 970 3649 noluerit.
1002 3585 1045 3650 Et
1079 3583 1205 3650 utinam
1235 3604 1301 3649 non

308 3685 594 3771 multiplicarentur
629 3703 679 3754 tot
715 3690 893 3754 ceremonie
931 3703 963 3754 et
1000 3688 1091 3775 signa
1120 3678 1160 3753 iu
1193 3702 1302 3753 nostra

268 3797 447 3880 aecclesia,
470 3816 546 3861 cum
570 3794 649 3861 lacta
672 3809 857 3859 sanctorum
879 3810 910 3859 et
932 3815 1047 3859 omnes
1068 3793 1148 3859 ritus
1166 3793 1219 3857 alii
1234 3813 1301 3857 non

309 3916 382 3966 sunt
412 3902 596 3984 laudabiles,
628 3900 687 3965 nisi
715 3901 755 3965 de
789 3913 910 3986 quanto
938 3899 1062 3964 elevant
1089 3898 1237 3963 animum
1260 3899 1302 3962 ad

350 4153 367 4185 ι.
382 4141 401 4186 B
416 4142 439 4188 ln
459 4154 539 4198 maras
559 4140 690 4200 Quomodo
709 4139 832 4186 selendum
851 4146 888 4186 est
907 4140 937 4186 de
959 4138 1144 4185 canonisaclooe
1163 4143 1301 4183 nnmerum

309 4211 483 4258 modernomm.
537 4211 596 4258 §.Be
611 4209 835 4257 tormidinesubito.
894 4208 963 4254 solis
978 4207 1140 4255 anamiidenr.
1194 4217 1225 4252 re
1239 4205 1301 4252 nus

308 4281 429 4335 generalis.
443 4283 487 4338 Δρ
501 4283 614 4338 generab.
704 4292 737 4336 ¹4·
751 4278 832 4325 Codds
847 4278 1017 4324 antichristlne.
1123 4278 1157 4324 so.
1172 4276 1206 4322 Bs
1219 4275 1302 4334 quinto

308 4349 418 4406 capitolo.
511 4362 543 4408 ¹7·
558 4350 581 4395 Α
595 4350 619 4395 Ιιι
633 4361 714 4405 maras
729 4348 764 4394 De
777 4348 906 4396 miraculis.
921 4347 1062 4393 llirseulum
1077 4344 1199 4405 quidest?
1214 4342 1261 4391 ΑΒ
1275 4343 1301 4390 la

309 4430 386 4476 maras
407 4418 555 4467 lllraculura.
679 4432 710 4466 ss.
724 4418 742 4465 Β
756 4419 779 4464 ln
794 4431 873 4476 margs
892 4417 1031 4464 lllrscularn
1050 4415 1178 4474 dupliciter
1190 4415 1299 4461 sumitur.

309 4486 340 4532 ὑ.
354 4488 372 4532 ll
385 4488 411 4535 ln
424 4502 502 4546 msrflr
523 4490 662 4536 llimculum
675 4490 701 4536 nt
714 4501 728 4534 a
740 4488 828 4535 sannis
842 4487 1013 4534 subantentles.
1099 4486 1131 4532 31.
1145 4485 1163 4532 Β
1177 4484 1202 4530 lo
1216 4496 1296 4540 marga

309 4555 342 4603 lle
354 4566 443 4616 quanto
456 4567 513 4607 sunt
525 4559 584 4608 ritus
596 4559 736 4607 laudabiles.
