3262 5226
497 708 670 788 tonsuris
690 706 840 762 wreus.
975 685 1058 779 [car.
1076 702 1159 750 xnn.

127 894 138 927 ι
170 867 203 929 in
235 849 436 950 purgatorio,
470 885 572 951 quam
605 866 660 928 diu
694 865 772 928 inibi
795 865 883 928 subit
912 883 1038 947 penam.
1072 865 1155 927 Nam
1169 876 1272 947 207·z

125 995 138 1034 t
170 970 332 1055 sequitur:
356 971 426 1035 Hec
448 983 497 1035 est
520 989 608 1055 pena
629 970 763 1055 peccati,
780 989 858 1053 ergo
876 980 923 1032 est
940 968 1060 1053 aliquid
1083 988 1157 1052 pec·
1230 1013 1234 1024 .
1309 957 1311 960 ⁴

170 1075 245 1156 cati,
277 1095 350 1139 cum
386 1075 492 1138 omnis
515 1095 603 1159 pena
626 1075 668 1139 sit
700 1094 750 1138 res
772 1073 855 1138 iusta
878 1092 1056 1157 perquam
1078 1092 1151 1157 pec·

170 1192 278 1242 catum
304 1177 511 1260 bonificatur,
536 1192 569 1242 et
592 1199 651 1263 per
673 1197 875 1262 consequens
895 1177 974 1240 illud
989 1191 1158 1261 peccatum

171 1296 229 1346 est.
254 1283 418 1368 Similiter,
446 1283 472 1347 si
502 1283 643 1367 quilibet
666 1283 698 1346 in
721 1282 910 1367 purgatorio
932 1293 1089 1367 purgatus
1112 1293 1186 1349 ests

171 1387 305 1451 omnino
338 1387 408 1451 sine
439 1400 588 1472 peccato,
623 1402 701 1451 tunc
733 1400 781 1451 est
818 1387 861 1450 ita
899 1386 1040 1450 mundus
1079 1386 1162 1450 sicut

172 1492 285 1555 beatus
317 1491 348 1555 in
384 1493 464 1574 celo,
498 1512 576 1555 cum
609 1491 715 1555 solum
737 1505 907 1576 peccatum
930 1503 1041 1556 causat
1064 1491 1163 1554 talem

171 1596 417 1678 inmundiciam,
444 1609 477 1660 et
505 1616 564 1681 per
594 1616 794 1681 consequens
817 1593 903 1660 foret
926 1609 992 1660 tam
1016 1592 1163 1658 amabilis

172 1701 216 1765 in'
238 1699 433 1786 'purgatorio
465 1701 508 1764 ab
544 1700 679 1770 ecclesia
715 1699 947 1785 triumphante,
980 1700 1065 1765 sicut
1091 1700 1163 1784 ipso

173 1807 280 1886 beato,
302 1805 379 1890 quia
402 1819 469 1869 tam
501 1805 648 1890 pulcher.
673 1805 839 1890 Similiter,
862 1805 997 1890 quilibet
1025 1804 1163 1868 existens
1177 1805 1207 1873 ,ὁ

174 1910 205 1973 in
239 1910 429 1995 purgatorio
459 1925 598 1994 propter
629 1925 798 1995 peecatum
835 1929 932 1974 suum
969 1908 1163 1994 preteritum

174 2013 283 2079 deficit
315 2036 332 2079 a
363 2016 458 2100 plena
491 2015 672 2079 dilectione
696 2014 755 2078 Dei
778 2028 811 2079 et
843 2014 983 2097 ecclesie,
1004 2033 1117 2100 ymmo
1145 2032 1165 2076 a

173 2120 282 2204 pleno·
292 2119 439 2204 profectu
463 2118 526 2183 sibi
544 2135 578 2184 et
593 2119 663 2184 aliis
685 2139 782 2205 quem
809 2118 922 2183 debuit
937 2131 1013 2183 tunc
1029 2119 1159 2183 habere.

174 2224 229 2288 llle
267 2244 343 2309 ergo
381 2223 529 2289 delectus
569 2225 757 2310 purgandus
789 2240 837 2289 est
869 2237 1049 2309 peccatum,
1088 2222 1163 2288 ideo

174 2329 304 2393 videtur
325 2349 442 2413 penam
465 2350 608 2414 purgare
632 2329 722 2395 illum
746 2329 908 2395 detectum
933 2328 1208 2397 etsatislacere15

174 2454 233 2514 pro
248 2432 392 2499 deiectu
415 2435 587 2519 preterito,
619 2448 652 2499 et
683 2435 817 2520 quando
838 2437 894 2500 lux
917 2435 1035 2498 amotis
1057 2435 1164 2518 primo

176 2539 351 2620 inducitur,
376 2553 452 2603 tune
475 2540 586 2624 primo
609 2540 789 2605 obscuritas
811 2540 934 2626 peccati
957 2539 1114 2603 educitur.

127 2643 356 2708 mVidetur
380 2644 515 2709 ulterius
539 2645 631 2729 quod
653 2665 714 2730 pro
736 2645 882 2731 quolibet
902 2658 1049 2730 peccato
1051 2645 1083 2709 in
1099 2664 1166 2730 quo

125 2672 301 2820 ’ἱεάεεεάἰῐ
333 2747 576 2833 predestinatus
612 2750 700 2814 Deus
733 2750 847 2815 statuit
879 2762 999 2813 certam
1038 2768 1166 2834 penam,

176 2873 251 2918 cum
273 2874 340 2940 quo
363 2874 428 2919 non
456 2855 581 2940 poterit
610 2854 665 2920 illo
688 2868 822 2940 peccato
844 2855 1014 2940 supposito
1037 2854 1166 2939 dispen·
1177 2882 1211 2921 ιο

179 2980 261 3026 sare.
283 2959 366 3024 Nam
389 2957 558 3044 peridem
583 2973 693 3045 posset
716 2959 901 3046 dispensare
925 2980 997 3024 cum
1021 2959 1168 3045 quolibet

176 3069 308 3150 p'eccato
339 3065 371 3127 in
404 3065 596 3149 purgatorio
629 3065 679 3130 vel
710 3064 742 3129 in
775 3064 912 3148 inferno,
945 3079 976 3128 et
1004 3063 1167 3128 dimittere

177 3169 299 3233 homini
334 3184 502 3253 peccatum
536 3170 606 3234 sine
639 3171 700 3234 hoc
730 3169 819 3256 quod
847 3170 985 3234 voluerit
1022 3169 1167 3233 converti

179 3275 217 3337 ad
251 3275 433 3357 dominum,
466 3275 536 3337 sine
571 3295 682 3340 amore
707 3274 853 3339 faciendo
887 3276 993 3360 ipsum
1026 3274 1169 3355 beatum,

178 3399 252 3441 cum
274 3378 358 3441 nulla
379 3399 462 3462 pena
480 3379 699 3444 essencialiter
716 3392 968 3466 consequeretur
979 3393 1167 3464 peccatum;
1180 3392 1211 3444 25

178 3485 233 3547 sed
251 3483 335 3547 soret
351 3497 477 3547 tantum
495 3504 555 3567 pet
572 3484 720 3548 accidens
736 3486 904 3549 arbitraria
926 3483 1033 3570 quoad
1052 3484 1166 3546 Deum.

180 3588 270 3651 Sicut
299 3608 375 3670 ergo
404 3608 487 3672 pena
512 3589 695 3652 essencialis
719 3604 766 3653 est
790 3610 847 3673 per
871 3610 904 3652 se
928 3589 1023 3669 iusta,
1047 3589 1092 3651 sic
1121 3602 1169 3651 est

180 3707 267 3756 tanta
292 3693 416 3755 iusticia
433 3693 465 3755 in
482 3713 567 3777 pena
592 3694 791 3775 accidentali,
816 3695 871 3755 sed
896 3694 1046 3757 meritum
1070 3695 1169 3757 eccle·

179 3797 225 3860 sie
260 3795 334 3860 facit
368 3816 436 3859 esse
468 3797 558 3859 aliud
594 3812 762 3882 peccatum
787 3799 886 3861 totale
919 3799 950 3860 in
978 3799 1170 3881 purgatorio

181 3922 278 3987 quam
302 3902 385 3967 soret
409 3903 526 3967 merito
550 3904 607 3967 illo
631 3903 773 3968 dimisso.
1182 3914 1215 3966 30

125 4023 170 4066 set
225 4007 360 4070 Videtur
389 4008 488 4071 tercio
519 4009 610 4090 quod
639 4007 722 4072 sicut
745 4009 862 4072 beati
854 4029 885 4070 rn
910 4007 978 4069 celo
1006 4022 1171 4069 merentur

125 4073 243 4173 nfndsibi
276 4113 428 4175 continue
457 4132 564 4196 usque
588 4114 629 4175 ad
653 4111 737 4175 diem
769 4112 878 4176 iudicii
902 4109 1062 4196 premium
1090 4111 1170 4174 acci·

182 4215 321 4295 dentale,
358 4216 429 4280 aliis
467 4231 580 4280 autem
622 4231 808 4301 utrumque,
847 4217 902 4280 sed
935 4216 1106 4280 existentes
1138 4214 1171 4278 io

125 2798 166 2863 iod

221 4450 238 4486 t.
253 4438 307 4485 Ala
317 4450 405 4493 marga
419 4435 559 4485 Conclusio.
642 4436 674 4484 rt.
688 4440 710 4484 Α
720 4438 743 4484 ln
754 4451 841 4495 maras
858 4437 995 4484 Conclusio.
1073 4447 1106 4481 at.
1120 4435 1171 4483 ou

183 4520 274 4564 maram
296 4510 401 4565 Apparet
421 4507 485 4565 quod
507 4515 572 4554 tenet
594 4508 779 4566 predestinatum
802 4520 871 4564 posse
892 4508 1004 4553 decedere
1022 4507 1046 4551 ln
1067 4512 1173 4562 peccato.

182 4575 215 4622 al.
230 4577 248 4622 li
262 4578 285 4623 in
300 4590 388 4633 marga
404 4577 482 4633 Quam
497 4586 568 4622 vocat
587 4589 673 4634 penato
689 4576 840 4623 esseoeialent
860 4586 881 4622 et
895 4589 965 4638 quam
983 4574 1169 4624 accidentalem?

181 4648 211 4696 3t.
226 4649 249 4694 Α
262 4648 286 4693 ln
300 4659 389 4704 marus
405 4646 546 4698 Conclusio.
