3262 5226
493 292 837 388 'sonauuts'wuccm
987 313 1071 404 [cra.
1086 329 1160 376 χιιι.

174 507 205 556 et
237 492 512 575 pulchritudinem
546 490 688 555 universi
720 491 808 574 quod
839 492 953 556 Petrus
985 511 1070 555 nunc
1103 513 1160 577 per
1172 506 1274 564 ποθὶ)

174 594 343 660 dominum
360 596 536 678 occidatur,
553 596 722 680 quomodo
737 595 812 662 licet
827 597 906 661 mihi
923 615 1160 661 remurmurare
1379 584 1382 590 ’

173 712 284 764 contra
314 700 408 764 istam
442 700 601 766 iusticiam
630 715 662 767 et
688 701 963 786 pulchritudinem
990 721 1054 786 que
1071 702 1160 765 'adeo

171 805 276 889 placet
293 804 372 869 Deo.
390 805 484 871 Unde
497 805 597 889 xun,
614 827 645 892 q.
662 804 706 869 lt·
721 806 781 869 sub
796 807 988 870 auctoritate
1007 804 1160 891 Cypriani

129 928 145 972 u
172 908 217 974 sic
240 910 417 975 scribitur:'
435 909 541 988 Quam
569 920 879 995 preposterurnqest,
901 930 1064 996 quamque
1082 928 1187 995 per-5
1286 968 1289 973 .
1372 917 1391 992 ἐξ

129 998 142 1078 'o
172 1034 313 1096 uersum,
345 1025 380 1079 ut
410 1035 483 1079 cunt
518 1015 585 1080 Dei
614 1013 810 1079 voluntatem
839 1014 922 1099 Jieri
946 1017 1162 1100 postulemus,
1376 1025 1380 1035 “

129 1095 303 1204 ῗιῖἶᾳιιαηᾰο
334 1131 444 1185 evocat
474 1139 534 1184 nos
561 1129 591 1184 et
619 1119 755 1185 accersi!
780 1119 821 1184 de
846 1119 905 1184 hoc
933 1120 1064 1204 mundo,
1097 1141 1160 1185 non

172 1226 279 1289 statim
308 1225 484 1290 voluntatis
511 1226 582 1289 eius
603 1225 740 1309 imperio
758 1244 937 1309 pareamus
959 1235 990 1289 et
1006 1228 1159 1311 peruica-

174 1331 259 1394 cium
292 1333 394 1397 more‘
413 1337 583 1397 seruorum
615 1329 661 1394 ad
690 1339 893 1415 conspectum
931 1330 1056 1395 domini
1086 1351 1160 1394 cunr

174 1435 310 1499 tristicia
347 1445 379 1499 et
415 1455 543 1500 merore
577 1434 807 1521 perducimur,
849 1446 1002 1501 exeuntes
1047 1435 1164 1500 isthinc
1176 1468 1207 1506 ιο

174 1541 376 1606 necessitatis
393 1542 533 1622 uinculo,
549 1560 613 1605 non
629 1541 804 1606 voluntatis
819 1541 981 1627 obsequio,
1004 1540 1163 1627 quomodo

173 1646 323 1709 volumus
345 1646 385 1710 ab
409 1666 446 1710 eo
463 1647 601 1730 premiis
627 1647 797 1711 celestibus
819 1647 977 1711 honorari
998 1645 1044 1711 ad
1069 1666 1162 1730 quem

175 1752 321 1814 uenimus
343 1750 444 1817 inuiti.
477 1751 664 1835 Preceptum
688 1760 746 1831 est,
779 1751 893 1838 inquit,
920 1771 941 1815 a
971 1751 1100 1816 domino
1130 1761 1185 1816 ut·

174 1866 334 1921 contester
358 1854 491 1920 assidue
513 1865 544 1921 et
560 1857 693 1941 publice
709 1855 917 1941 predicarem
941 1856 1077 1943 fratres
1100 1876 1163 1921 non

175 1981 244 2027 esse
256 1961 415 2049 lugendos
425 1963 609 2027 accersione
624 1961 732 2026 diuina
743 1961 783 2026 de
794 1961 903 2026 seculo
915 1962 1076 2040 liberatos,
1088 1982 1162 2026 cum
1176 1978 1206 2031 ιε

175 2068 318 2132 sciamus
336 2087 401 2131 non
417 2067 520 2132 amitti
533 2067 592 2133 sed
612 2067 767 2152 promitti,
782 2066 966 2133 recedentes
988 2067 1029 2133 de
1042 2068 1162 2134 seculo.

220 2171 255 2236 ln
290 2174 351 2236 isto
375 2173 464 2236 dicto
491 2173 617 2236 videtur
644 2173 778 2236 innuere
802 2173 958 2257 triplicem
984 2173 1202 2252 racionem:Q

177 2277 285 2341 Prima
323 2298 360 2340 ex
394 2277 456 2340 hoc
493 2277 582 2360 quod
622 2297 718 2341 nemo
757 2276 852 2341 debet
883 2297 974 2340 orare
1010 2277 1069 2340 sibi
1103 2277 1163 2361 ipsi

177 2382 345 2461 contrarie,
383 2381 439 2444 sed
477 2401 608 2445 oramus
646 2381 771 2445 Deum:
807 2381 883 2446 Fra
919 2382 1069 2445 voluntas
1107 2391 1164 2445 tua

178 2485 329 2570 undique,
359 2485 434 2549 ideo
474 2506 536 2548 non
577 2487 733 2549 debemus
766 2486 845 2550 velie
879 2487 954 2551 huic
991 2487 1208 2552 contrariete

179 2591 326 2655 Secunda
359 2589 445 2655 racio
473 2605 521 2654 est
549 2611 587 2653 ex
615 2592 677 2655 hoc
704 2590 793 2675 quod
817 2606 946 2677 oportet
974 2592 1163 2656 salvandum

178 2694 341 2760 meritorie
364 2710 395 2759 et
416 2716 474 2781 per
494 2716 695 2780 consequens
721 2697 901 2761 voluntarie
924 2698 989 2782 pati
1012 2683 1163 2760 mortem.

179 2801 293 2865 Tereia
318 2800 404 2865 racio
428 2813 491 2864 stat
515 2800 547 2864 in
571 2802 633 2864 isto
650 2801 738 2886 quod
760 2800 893 2884 diligens
911 2821 944 2863 se
962 2802 1011 2865 vel
1027 2802 1164 2866 alterum

179 2907 274 2971 debet
306 2905 484 2987 gaudenter
507 2920 672 2989 acceptare
700 2926 863 2969 accessum
888 2906 955 2969 eius
983 2905 1163 2991 proprium,

180 3011 262 3074 sicut
294 3026 342 3075 est
374 3031 460 3072 mors
493 3010 623 3074 cuilibet
657 3013 820 3096 salvando,
845 3027 877 3075 et
899 3013 1038 3096 prescito
1063 3010 1207 3077 eciamri

130 3130 228 3183 fenest
257 3118 296 3179 ad
323 3120 456 3197 bonum,
486 3111 559 3177 cuni
576 3117 737 3202 continue
761 3117 833 3201 plus
859 3130 952 3180 nocet
975 3116 1107 3180 ecclesie
1134 3131 1166 3180 et

129 3199 154 3287 {⁰
180 3221 317 3303 amplius
350 3222 542 3286 demeretur.
578 3223 611 3285 ln
645 3223 833 3305 oppositum
856 3236 930 3286 sunt
963 3223 1166 3285 consuetudo

180 3340 211 3388 et
249 3326 333 3407 leges
373 3327 503 3390 ecclesie
537 3328 576 3390 de
608 3347 683 3390 cura
715 3328 837 3409 agenda
869 3347 929 3409 pro
961 3328 1096 3390 mortuis
1135 3341 1166 3391 et

180 3430 390 3493 ecclesiastica
408 3433 584 3515 sepultura,
601 3432 687 3494 unde
703 3432 885 3496 oblaciones
902 3433 982 3494 lude
1000 3432 1166 3495 Machabei

180 3535 288 3597 laudat
332 3536 474 3615 ecclesia,
513 3536 763 3599 Machabeorum
802 3536 886 3618 x110,
930 3551 960 3598 et
1003 3538 1210 3619 sepultura30

181 3656 384 3703 mortuorum
408 3656 615 3725 computatur
638 3643 721 3705 inter
743 3662 840 3726 opera
859 3642 1082 3722 misericordie,
1107 3662 1166 3725 pro
1196 3701 1198 3707 .

221 3893 242 3938 7.
259 3881 294 3924 Αε
308 3880 432 3925 acceraeit:
453 3882 502 3925 scit.
518 3881 581 3926 Deua
596 3890 620 3926 ut
634 3881 705 3926 hebet
719 3881 804 3925 decret.
924 3892 950 3924 ιι.
965 3881 991 3925 ln
1006 3882 1128 3926 decretalis
1144 3890 1165 3927 et

182 3952 299 3995 volumus.
420 3948 450 3994 ti.
472 3949 497 3994 lu
519 3951 581 3995 decr.
604 3959 740 4008 preceptum
757 3958 792 3994 eat
813 3957 837 3993 ut
858 3957 1002 3994 contestarer
1021 3950 1116 3995 assidue
1135 3958 1167 3995 ut.

183 4020 215 4065 ro.
230 4020 255 4065 ta
266 4020 365 4065 decreta
381 4020 516 4066 recedentes
530 4021 655 4077 precedere
669 4053 675 4066 .
691 4052 697 4064 .
713 4052 719 4065 .
839 4030 872 4073 ro.
890 4022 911 4064 Α
927 4017 944 4062 Β
959 4019 983 4064 lo
998 4031 1088 4077 mera-r
1107 4021 1169 4066 Nota

183 4098 263 4135 contra
282 4091 388 4146 lugentes
405 4097 523 4136 mortuos.
602 4090 638 4137 30.
652 4091 688 4137 Αι
703 4088 755 4135 llll.
768 4090 842 4135 deest.
1111 4088 1117 4095 '
1133 4093 1135 4096 ’

226 4301 251 4352 4
270 4287 334 4356 Cap.
352 4284 432 4338 XXV.
