3262 5226
690 357 858 410 nonnanis
876 357 1024 411 wicun.
1217 332 1307 426 [cna.
1321 351 1363 397 ι.

368 528 396 581 et
420 517 552 581 uerbere
572 515 740 598 discipline
755 516 943 599 corrigitur,
966 515 1043 598 quia
1066 514 1112 576 acl
1127 523 1240 576 eterne
1259 514 1351 578 ltere·
1365 528 1451 586 158⁴1

369 623 479 687 ditatis
501 620 734 703 patrimonium
751 620 968 701 preparatur.
1005 618 1045 682 ln
1068 619 1137 682 suis
1164 627 1272 681 aretem
1297 638 1351 681 uo·

369 726 544 810 luptatibns
558 724 726 787 relaxatur
741 723 888 800 iniustus,
911 731 1078 804 alquanto
1093 723 1140 786 eis
1155 709 1351 804 temporalia

369 830 451 893 bona
459 837 641 913 suppetunt,
657 838 747 892 tanto
755 837 868 891 eterna
876 827 1093 912 denegantur.
1113 826 1224 904 Vitnli,
1236 826 1351 912 inquit,

368 938 424 1018 qui
461 932 625 996 mactandi
655 943 732 995 sunt
762 932 794 994 in
833 930 1037 995 liberioribus
1063 931 1215 1013 pastibus
1250 932 1376 1000 relin·5

368 1048 531 1122 quantum·
552 1056 618 1100 non
641 1035 717 1122 quin
741 1049 800 1098 stat
815 1055 886 1098 vere
909 1035 1050 1118 divitem,
1074 1036 1106 1098 in
1122 1035 1351 1119 temporalibus

368 1142 561 1223 affluentem,
577 1160 708 1225 regnum
721 1140 863 1203 celorum
877 1139 1048 1225 acquirere,
1065 1140 1120 1204 sed
1131 1154 1207 1204 tunc
1223 1153 1352 1225 oportet

368 1247 472 1310 Deum
487 1244 677 1309 miraculose
691 1265 781 1328 agere
795 1245 883 1330 quod
898 1258 976 1328 aput
987 1244 1135 1309 homines
1158 1258 1206 1308 est
1228 1244 1350 1328 impos·

367 1349 466 1430 sibile,
480 1350 692 1414 convertendo
708 1349 830 1413 mundo
844 1348 976 1413 divitem
990 1350 1030 1413 ab
1046 1348 1216 1413 affectione
1226 1363 1351 1433 tempo·

368 1453 479 1517 raliurn
500 1469 532 1519 et
555 1453 726 1518 carnalium
740 1453 913 1537 voluptate,
936 1467 969 1517 et
990 1453 1125 1517 omnino
1148 1453 1181 1516 in
1205 1454 1394 1520 extremisno

368 1557 433 1621 suis
448 1557 536 1622 finire
544 1558 576 1622 in
587 1557 762 1642 evangelica
777 1572 960 1643 paupertate
975 1555 1025 1645 (ut
1040 1571 1127 1642 patet
1137 1546 1349 1642 Lisce'xlva).

194 1678 327 1738 [naugerus
413 1663 505 1727 Unde
534 1663 607 1749 quia
630 1662 788 1747 probabile
811 1676 858 1727 est
880 1683 1000 1747 paucos
1027 1663 1140 1727 mundi
1168 1662 1280 1726 divites
1307 1662 1352 1726 sic

217 1731 299 1775 ’Μ’
371 1765 480 1848 facere,
503 1767 575 1831 ideo
596 1780 817 1850 argumentum
831 1767 974 1851 topicum
991 1782 1038 1832 est
1059 1768 1148 1851 quod
1165 1766 1354 1839 multitales

369 1871 550 1937 moriuntur
569 1871 603 1934 in
626 1885 755 1954 peccato
785 1869 886 1935 finalis
914 1872 1135 1956 inpenitencie.
1173 1871 1249 1935 Ideo
1277 1871 1353 1936 dicit

370 1975 540 2060 Gregorius
564 1972 632 2063 (ubi
656 1973 780 2060 supra):
813 1975 988 2061 Negantur
1010 1977 1119 2040 electis
1142 1977 1176 2039 in
1202 1976 1394 2044 liaevita15

369 2081 452 2144 bona
474 2091 618 2158 terrena,
651 2081 727 2165 quia
748 2090 777 2143 et
799 2081 888 2164 egris
914 2080 1031 2164 quibus
1058 2100 1132 2163 spes
1154 2081 1283 2145 uiuendi
1305 2090 1354 2144 est

369 2203 571 2268 nequaquam
604 2204 624 2246 a
657 2184 779 2248 medico
810 2195 925 2248 cuncta
957 2204 1019 2268 que
1051 2194 1208 2268 appetunt
1238 2204 1352 2249 couce-
1435 2246 1439 2252 .

370 2289 502 2352 duntur.
526 2287 661 2351 Dantur
675 2299 780 2352 autern
804 2290 954 2372 reprobis
976 2290 1060 2353 bona
1082 2291 1193 2372 quaein
1209 2290 1352 2353 bacuita

369 2402 534 2477 appetunt,
557 2393 633 2477 qnia
650 2393 828 2476 desperatis
842 2395 933 2478 egris
956 2414 1050 2458 omne
1065 2394 1151 2478 quod
1164 2393 1352 2457 desiderant

371 2518 434 2561 non
459 2506 608 2582 negatur.
640 2498 850 2561 Attendamus
873 2518 947 2584 ergo
971 2499 1009 2562 ad
1033 2498 1211 2561 doctrinam
1234 2498 1351 2562 Christi
1362 2528 1395 2565 ιο

345 2587 401 2664 ¹in
425 2620 520 2685 opere
551 2614 582 2665 et
612 2621 756 2665 sermone
782 2614 813 2664 et
839 2601 1019 2666 videbimus
1046 2603 1135 2687 quod
1164 2600 1247 2665 filios
1275 2622 1351 2666 suos

370 2705 545 2770 carissimos
567 2726 633 2768 non
656 2706 699 2769 sic
715 2707 811 2788 dotat,
834 2719 866 2769 et
887 2721 957 2771 tum
978 2727 1037 2769 nos
1061 2706 1207 2770 iaciendo
1231 2706 1350 2770 elemo-

370 2812 452 2873 sinas
475 2810 626 2874 debemus
648 2831 757 2896 capere
784 2812 966 2895 exemplum
988 2832 1007 2874 a
1030 2809 1169 2875 Christo.
1201 2811 1243 2874 Et
1265 2825 1355 2894 patet

369 2916 457 2998 tluod
489 2913 570 2977 dicte
601 2914 742 2979 raciones
772 2935 866 2999 super
896 2915 1012 2999 pietate
1044 2915 1175 2977 milvina
1206 2927 1352 3000 pretense

370 3040 434 3083 non
466 3019 660 3083 concludunt
691 3039 748 3082 nec
775 3018 946 3083 rectificant
973 3021 1028 3082 sed
1055 3019 1228 3083 excludunt
1254 3018 1395 3103 privi-25

370 3122 450 3206 legia
472 3121 658 3207 supradicta
1166 3194 1170 3200 ,

169 3238 346 3334 anteponam
414 3226 487 3289 ldeo
511 3239 605 3290 restat
627 3226 691 3289 iam
712 3239 824 3312 quarto
848 3227 972 3292 obicere
995 3241 1105 3291 contra
1127 3227 1189 3292 illa.
1219 3227 1430 3298 videturne

164 3291 225 3335 woul
255 3291 323 3335 allow
338 3303 351 3334 a

155 3342 324 3440 upupam
326 3351 359 3440 p
370 3332 487 3415 primo:
511 3330 542 3393 Si
566 3344 657 3393 tenor
671 3330 907 3415 privilegiorum
928 3333 1020 3395 debet
1042 3331 1086 3395 sic
1109 3331 1242 3418 intelligi
1266 3333 1352 3396 nude

369 3437 409 3498 ad
435 3434 581 3514 litteram,
613 3447 687 3497 tunc
715 3435 819 3518 posito
846 3438 935 3521 quod
963 3435 1115 3500 exercitus
1146 3436 1352 3500 inimicorum

369 3538 495 3601 invadat
517 3539 675 3621 Angliam,
704 3539 794 3602 debet
816 3538 849 3602 in
871 3540 926 3602 illo
950 3540 1022 3604 loco
1044 3540 1158 3603 habere
1181 3539 1351 3623 refugium,
1362 3557 1394 3609 30

369 3643 413 3706 sic
435 3644 522 3726 quod
546 3657 618 3726 post
641 3643 868 3706 recreationem
891 3658 998 3727 posset
1025 3643 1201 3707 animosius
1229 3645 1352 3728 predari

369 3745 578 3829 provinciam.
610 3747 693 3809 Nam
714 3746 853 3830 quelibet
875 3768 1010 3831 persona
1033 3748 1104 3812 talis
1126 3747 1281 3812 exercitus
1305 3761 1352 3812 est

408 4016 429 4063 3.
450 4018 496 4063 ibn
521 4017 583 4075 Quis
603 4026 668 4064 tanto
688 4018 709 4064 el
730 4019 867 4077 temporalia
895 4021 957 4065 bona
981 4027 1117 4081 suppetunt,
1143 4029 1233 4080 quanto
1258 4026 1353 4065 aeterne

370 4085 521 4144 denegantur.
621 4087 641 4135 5.
654 4089 700 4134 ibn
714 4089 737 4134 ln
747 4088 833 4134 liberis.
934 4090 964 4136 1⁵.
978 4092 1001 4137 Α
1014 4091 1038 4137 ln
1048 4093 1136 4148 marg-r
1147 4088 1285 4148 Gregorius.
1299 4089 1351 4136 Bln

370 4168 456 4212 marga
479 4156 545 4203 aaa·
566 4165 657 4204 terrens
681 4170 753 4216 quare
772 4157 851 4204 electis
872 4166 995 4215 negantur.
1027 4163 1031 4170 '
1100 4171 1132 4216 ¹7·
1153 4159 1189 4206 A:
1210 4167 1281 4205 cunta
1308 4170 1352 4217 pro

369 4232 461 4270 ennae.
565 4238 594 4276 n.
615 4229 637 4273 Α
651 4231 693 4284 An
713 4235 735 4272 et
752 4226 881 4273 videmnus⁴
985 4241 1024 4285 aa
1042 4228 1059 4273 Β
1078 4228 1102 4274 in
1122 4238 1197 4284 marg.
1216 4238 1279 4273 man.
1299 4228 1351 4277 stu·

359 4292 445 4339 'Pieres
460 4293 562 4340 Milvius.
665 4308 699 4354 η.
713 4299 736 4342 Α
748 4295 772 4342 la
785 4307 872 4354 marga
887 4294 965 4343 Prima
977 4297 1050 4344 rocla.
