3262 5226
291 477 421 571 centu]
665 492 711 546 us
728 490 903 545 muers

180 679 208 734 1>
223 653 389 733 135·lrabiti
421 652 485 717 suis
508 649 704 736 temporibus
715 647 969 730 correspondent.
993 645 1086 710 Unde
1102 642 1274 730 Gregorius

293 760 347 826 ubi
370 772 478 843 supra:
506 757 634 834 Quanto
657 754 763 838 magis
783 761 915 816 terrena
937 751 1012 834 quis
1032 748 1152 834 diligit,
1183 759 1274 813 tanto

130 854 138 917 ῗ
223 854 416 948 ,gsprirari
430 864 477 926 eis
491 859 713 925 relremencius
723 856 928 940 pertimescit.
947 854 1021 932 Qua
1041 848 1154 918 enirn*
1168 863 1276 919 mente

292 970 324 1032 in
347 967 406 1030 lroe
428 965 547 1029 mundo
569 959 694 1045 aliquid
709 960 922 1044 possidemus,
948 979 1013 1023 non
1036 958 1192 1023 docemur
1211 958 1275 1023 nisi

266 1091 363 1145 scum
387 1071 574 1134 amittimus.
608 1067 684 1131 Sine
706 1065 818 1131 dolore
841 1085 979 1149 namque
1000 1065 1160 1129 amittitur
1182 1061 1274 1148 quid·

291 1174 370 1259 qnid
389 1177 458 1238 sine
481 1191 594 1236 errrore
609 1171 810 1256 possidetur,
835 1190 895 1253 que
920 1189 997 1235 rero
1022 1169 1178 1235 ardenter
1200 1168 1274 1233 dili·

289 1280 398 1365 gimus
420 1276 541 1355 lrulrita,
563 1278 712 1363 graviter
728 1275 932 1359 suspiramus
954 1275 1075 1342 allata.

334 1381 450 1446 Tercio
476 1381 633 1467 colligitur
660 1381 747 1465 quod
774 1380 984 1444 adulterantes
1012 1378 1200 1463 scripturam
1226 1398 1274 1440 sa·
1320 1386 1469 1488 11Ἦο

291 1508 376 1551 cram
398 1485 431 1547 in
453 1486 513 1550 ista
529 1485 687 1550 sentencia
708 1498 783 1549 sunt
802 1484 952 1570 ypocrite,
976 1504 1057 1569 quos
1076 1449 1505 1604 P¹⁰Ph0¹⁸l³¹i⁸plisiwffi

140 1652 145 1681 ἒ
252 1592 452 1676 ,onpostolus
462 1591 634 1656 Timotheo
649 1589 832 1675 periculosis
846 1588 1043 1674 temporibus
1063 1587 1096 1651 in
1112 1588 1277 1652 ecclesiam

292 1715 499 1760 successuros.
532 1696 592 1760 Pro
616 1693 704 1759 cuius
733 1693 945 1758 declaratione
968 1712 1117 1777 suppono
1144 1690 1276 1775 lactum,

291 1799 456 1885 quomodo
475 1799 618 1863 moderni
635 1797 833 1863 ecclesiastici
850 1797 974 1884 fingunt
989 1798 1165 1863 secuudum
1180 1797 1276 1862 tradi·

292 1903 398 1968 cinnes
422 1903 578 1968 humanas
601 1903 688 1989 quod
712 1904 829 1967 nedum
852 1902 923 1967 licet
945 1903 1001 1985 eis,
1032 1905 1086 1968 sed
1110 1916 1277 1987 peccarent

293 2008 474 2090 mortaliter,
497 2007 676 2072 omittendo
703 2007 849 2093 prosequi
872 2029 930 2093 pro
952 2007 1136 2073 defensione
1167 2007 1277 2072 matris

142 2094 149 2121 ²
254 2112 429 2184 tsecclesie.
462 2111 542 2176 lllud
566 2111 711 2176 meminit
734 2115 844 2177 beatus
867 2112 1039 2197 Gregorius
1062 2109 1132 2200 (ubi
1154 2110 1276 2198 supra).

144 2202 150 2217 '
292 2217 378 2293 Istis,
401 2216 515 2300 inquit,
536 2219 566 2281 si
578 2217 673 2303 sorte
697 2216 841 2282 dicatur:
860 2217 929 2281 Cur
951 2218 1013 2281 ista
1036 2219 1139 2303 agitis
1154 2219 1210 2303 qui
1227 2237 1277 2282 se·

292 2321 399 2383 culum
415 2322 618 2405 reliquistis?
639 2323 834 2406 respondent
856 2324 942 2386 illico
957 2323 1065 2388 Deum
1080 2342 1115 2388 se
1132 2332 1277 2388 metuere

293 2435 323 2487 et
350 2424 469 2489 idcirco
500 2436 590 2491 tanto
622 2427 727 2491 studio
759 2429 791 2491 in
823 2427 1038 2514 defendendis
1064 2427 1278 2511 patrimoniis

297 2529 417 2593 Christi
432 2532 600 2599 insudare.
617 2530 721 2594 Hodie
736 2545 844 2595 autem
853 2532 1074 2616 superadditur
1087 2533 1178 2617 quod
1193 2535 1279 2597 bona

252 2668 284 2704 20
295 2654 353 2716 pro
375 2654 515 2718 quorum
530 2635 752 2723 acquisicione,
775 2636 1017 2701 conservacione
1032 2653 1064 2703 et
1086 2637 1279 2723 repeticione

296 2751 420 2802 tantum
444 2739 618 2806 insistimus
642 2756 717 2806 sunt
740 2744 822 2804 bona
845 2741 973 2806 ecclesie
996 2757 1028 2807 et
1050 2742 1280 2827 patrimonium

295 2841 427 2909 Christi:
451 2844 524 2910 ideo
546 2846 618 2912 licet
641 2868 699 2931 pro
728 2849 813 2911 bono
836 2845 1019 2912 universalis
1050 2847 1178 2912 ecclesie
1201 2868 1278 2912 con·

297 2949 467 3014 servacioni
492 2971 602 3016 eorum
632 2951 783 3015 insistere.
819 2952 879 3016 lste
900 2966 1009 3016 autem
1039 2951 1132 3017 lucus
1157 2973 1196 3016 ex
1216 2950 1280 3015 hoc

152 3122 160 3145 ,
296 3053 416 3118 tollitur
437 3056 524 3139 quod
547 3056 720 3119 deserendo
750 3055 817 3139 ipsa
847 3077 905 3141 pro
927 3055 1056 3122 Christo
1087 3071 1154 3121 tam
1184 3056 1278 3121 relin-

152 3150 160 3173 ¹
261 3175 400 3240 25quens
422 3179 521 3243 quum
543 3157 671 3222 ecclesia
693 3157 761 3242 ipsa
782 3159 886 3243 habet,
917 3176 953 3226 ut
981 3162 1058 3227 dicit
1079 3160 1279 3247 Augustinus

153 3248 159 3265 '
296 3281 388 3344 super
401 3261 471 3326 Joh.
493 3261 617 3326 Omelia
632 3262 702 3326 Vl¹.
725 3262 808 3346 Ideo,
825 3279 861 3330 ut
875 3266 951 3332 dicit
966 3269 1077 3332 beatus
1092 3265 1277 3350 Gregorius:
1290 3346 1294 3353 Ι

296 3364 436 3429 Frnstra
456 3366 616 3430 laboravit
638 3367 729 3430 nullo
749 3370 864 3435 timore
886 3385 1032 3457 cogente,
1055 3386 1086 3436 et
1109 3385 1145 3436 ut
1166 3370 1281 3436 dicitur

295 3467 419 3534 Psalmo
441 3470 534 3553 xnr,
562 3472 596 3535 5:
623 3471 697 3536 Illic
720 3473 962 3557 trepidaverunt
985 3475 1192 3567 timoregulri
1214 3495 1278 3540 non

337 3684 355 3719 1.
368 3671 416 3719 ΑΒ
429 3673 453 3718 ln
468 3684 554 3729 mergn
568 3672 704 3732 Gregorius.
757 3688 778 3722 2.
792 3679 827 3723 Aa
841 3678 976 3727 interiens„
1030 3678 1096 3727 3112
1112 3679 1203 3727 Contrs
1216 3680 1280 3728 enlm

295 3749 380 3786 ruente.
445 3741 466 3788 Β.
481 3743 529 3789 ΑΒ
542 3743 566 3789 ln
581 3756 665 3802 margn
679 3745 762 3792 Tercle
777 3749 903 3794 conclusio.
918 3750 978 3796 Ain
994 3763 1083 3810 merge
1097 3749 1185 3797 Contra
1198 3749 1280 3797 deten-

296 3822 360 3856 20222
373 3811 458 3859 iuriam
473 3821 495 3858 et
516 3815 691 3861 consuetudinis
706 3816 806 3863 humane
825 3819 902 3876 grecie
916 3821 1012 3879 proprie
1024 3820 1126 3867 araneis
1139 3827 1162 3867 et
1174 3819 1280 3866 victorie.

296 3878 325 3924 23.
339 3881 386 3926 ΑΒ
399 3881 423 3927 ln
437 3895 525 3941 marg:
539 3883 674 3942 Gregorius.
754 3888 785 3934 26.
800 3889 830 3933 lis
845 3888 937 3949 dicitur,
946 3903 989 3938 cur
1002 3899 1077 3948 certe:
1090 3890 1154 3937 lbldt
1166 3888 1192 3935 ln
1205 3888 1280 3936 codds

295 3948 326 3993 lta
345 3950 421 4007 agitis.
538 3965 571 3999 22,
586 3955 603 3999 u
618 3955 640 4001 in
660 3969 748 4014 merga
768 3956 855 4003 000122
874 3961 973 4018 eosqui
994 3961 1118 4007 sedicunt
1138 3959 1280 4005 oontendere

296 4016 380 4064 debere
395 4034 437 4078 pro
457 4023 600 4082 acquirendo
619 4026 682 4072 bone
695 4027 802 4087 enclesis,
821 4028 874 4073 dato
891 4029 955 4087 qnod
972 4031 1062 4087 preslnt
1074 4030 1098 4076 ln
1112 4028 1213 4075 ecclesie
1226 4027 1279 4074 Del.

296 4085 329 4132 2³.
341 4090 364 4135 Α
377 4090 400 4135 ln
414 4103 501 4150 mergi
515 4091 576 4139 Nota
589 4094 678 4142 lucam.
756 4096 789 4143 25.
803 4096 821 4141 Β
834 4096 858 4143 ln
873 4110 957 4155 mergn
971 4099 1125 4159 Augustinus·

344 4265 381 4303 ro.
401 4266 425 4303 2.
442 4251 560 4307 Timoth.
579 4255 622 4321 111,
643 4273 664 4309 r.
774 4257 815 4313 25.
832 4260 899 4328 Aug.
917 4259 946 4311 ln
964 4258 1026 4314 Joh.
1044 4275 1138 4329 evang.
1154 4270 1218 4312 trac.
1235 4255 1281 4312 Vl.

296 4334 366 4405 opp.
384 4338 426 4403 lli,
444 4356 504 4409 pars
523 4342 553 4410 lt,
571 4359 631 4412 pag.
650 4343 700 4395 330
718 4359 794 4415 seqq.
873 4343 913 4399 26.
931 4349 1044 4418 August.
1063 4353 1158 4400 Annos
1176 4344 1205 4398 ln
1220 4343 1280 4401 tob.

297 4420 367 4491 Opp.
393 4425 436 4491 lll,
458 4444 480 4497 r,
497 4445 558 4498 pag.
576 4429 636 4500 675.
654 4431 765 4498 Gregor.
784 4433 802 4485 l.
819 4449 842 4486 e.
860 4448 916 4502 cap.
936 4434 1002 4489 xm.

1139 4517 1175 4590 ⁴0
