3262 5226
698 465 867 521 tonsurus
884 464 1032 518 wrccrr.
1233 440 1364 534 [cana

378 626 541 708 municsti,
572 642 856 711 quantumcunque
884 620 1025 686 defensio
1048 622 1139 685 cadat
1166 618 1301 705 lugitivo
1323 621 1364 683 ad
1378 633 1477 690 two

378 735 555 816 dampnum
569 730 674 793 anime
696 743 727 793 et
745 726 897 792 iniuriatis
912 727 952 789 ad
967 725 1205 810 detrimentum,
1223 745 1281 788 nec
1297 745 1363 787 non

378 839 418 902 ad
440 834 711 921 perturbacionem
733 831 820 917 regni
842 845 936 917 atque
959 829 1096 895 ecclesie.

163 958 199 1000 ns
212 962 237 999 ιο
254 955 293 1000 ιιι
309 955 369 999 sse·
421 941 472 1004 nd
495 938 626 1003 tercium
641 936 756 1002 dicitur
777 937 865 1056 quod
887 948 953 999 tam
968 935 1177 999 sabbatizacio
1199 957 1257 1019 pro
1277 951 1394 1002 annou
1407 949 1436 1003 Η

163 1007 248 1051 bsticsl
264 1018 322 1065 year
334 1019 371 1052 trs
452 1045 459 1058 .

190 1059 345 1155 attentiore
352 1061 517 1155 septrmo
549 1063 647 1128 quam
679 1040 823 1105 remissio
849 1062 908 1125 pro
935 1060 1021 1103 anno
1048 1039 1167 1104 iubileo
1190 1039 1250 1106 luit
1272 1040 1389 1107 valde5

163 1110 577 1260 ffifflgissi‘uifflfflfflbffi‘
599 1165 657 1231 pro
681 1159 825 1231 tempore
847 1165 918 1226 suo,
951 1164 1037 1209 nunc
1063 1158 1171 1209 autem
1199 1166 1258 1229 pro
1281 1157 1363 1208 tem·

313 1245 329 1271 ’
378 1273 457 1339 pore
472 1252 550 1336 legis
564 1250 666 1335 gracie
680 1251 813 1335 quando
828 1249 963 1313 colimus
978 1249 1189 1331 octonarium,
1211 1249 1364 1313 debemus

379 1358 493 1422 habere
525 1374 669 1420 amorem
700 1353 899 1420 fertiliorem:
937 1354 1018 1420 sicut
1047 1353 1134 1417 enim
1167 1353 1365 1439 septenarius

380 1480 533 1526 numerus
563 1459 747 1544 virginitatis
775 1459 869 1525 habet
888 1460 994 1523 solum
1019 1457 1174 1522 unitatem
1194 1478 1252 1543 pro
1275 1471 1365 1544 parte

379 1566 531 1651 aliquota,
541 1563 721 1629 octonarius
732 1579 840 1629 autem
852 1565 946 1629 habet
960 1583 1073 1645 unani,
1086 1564 1153 1628 duo
1168 1577 1199 1628 et
1211 1576 1366 1648 quattuor
1377 1595 1408 1632 ιο

380 1692 443 1756 que
469 1683 592 1755 septem
614 1669 821 1751 constituunt,
844 1669 887 1733 sic
909 1682 1013 1755 patres
1041 1667 1153 1732 veteris
1184 1653 1364 1731 testamenti

382 1788 469 1839 erant
495 1774 529 1836 in
557 1773 681 1838 caritate
707 1774 781 1858 plus
803 1774 921 1837 steriles
948 1794 1048 1858 quam
1075 1788 1179 1858 patres
1207 1773 1266 1836 sub
1294 1773 1365 1854 lege

380 1879 482 1964 gracie
504 1878 558 1964 qui
582 1879 692 1942 colunt
714 1899 751 1943 ex
779 1879 903 1964 integro
926 1878 1156 1963 septenarium;
1184 1877 1240 1963 qui
1262 1877 1365 1961 signat

382 1983 465 2049 unici
488 1983 547 2047 Dei
581 1983 703 2047 cultum
734 1997 765 2048 et
791 1997 894 2068 preter
919 1984 981 2048 hoc
1008 1983 1163 2047 unionem
1189 1982 1307 2047 Christi
1335 1995 1367 2046 et

383 2086 512 2152 ecclesie
535 2107 598 2172 que
619 2100 668 2152 est
697 2087 801 2151 unitas
824 2088 1000 2173 septenario
1023 2087 1224 2173 superaddita
1246 2087 1279 2150 in
1304 2108 1364 2151 nu·
1379 2102 1408 2155 ι5

383 2212 507 2255 merum
530 2190 678 2276 priorem,
712 2194 892 2256 redundans
920 2193 1028 2278 quoad
1059 2207 1163 2277 partes
1196 2192 1365 2277 aliquotas.

383 2295 470 2360 Et
447 2317 490 2360 src
512 2297 665 2360 debemus
687 2318 746 2361 nos
768 2312 912 2382 tempore
941 2297 1019 2380 legis
1041 2297 1144 2384 gracie
1166 2296 1281 2361 habere
1303 2296 1365 2360 dil·

384 2400 533 2464 fusiorem
556 2421 697 2464 amorem
720 2416 751 2464 ct
777 2400 967 2485 ampliorem
993 2392 1239 2483 continenciam,
1265 2421 1367 2486 quam

382 2504 561 2569 habuerunt
582 2519 686 2589 patres
707 2505 820 2569 veteris
843 2505 1032 2586 testamenti,
1067 2505 1142 2591 quia
1165 2506 1283 2569 nedum
1306 2506 1365 2570 ha·

385 2610 496 2673 bemus
534 2610 736 2692 contribules,
778 2611 833 2674 sed
871 2611 979 2675 fratres
1015 2631 1184 2695 germanos
1220 2611 1366 2696 singulos
1378 2642 1411 2679 ιο

374 2694 581 2795 christianos,
613 2735 687 2778 cum
717 2736 830 2778 omnes
861 2715 925 2779 nati
957 2736 1069 2779 sumus
1097 2714 1299 2799 spiritualiter
1327 2715 1367 2778 de

386 2818 499 2882 eodem
522 2832 610 2903 patre
632 2818 760 2884 Christo
783 2834 815 2885 et
838 2820 947 2884 eadem
970 2834 1069 2884 matre
1092 2819 1231 2886 ecclesia.

205 2949 342 3009 sinerer„
429 2922 469 2985 Et
501 2943 580 3008 rogo
612 2923 800 2988 innitentem
828 2924 878 2987 isti
911 2923 1070 2988 evidencie
1102 2938 1222 3003 notare,
1262 2922 1393 3007 primot

204 3000 340 3057 “mm''
386 3029 554 3112 quomodo
582 3048 641 3092 nos
663 3030 841 3091 sacerdotes
864 3027 980 3092 Christi
1003 3028 1156 3090 debemus
1178 3048 1245 3090 esse
1268 3029 1371 3112 magis

386 3132 601 3195 misericordes
644 3146 674 3195 et
715 3131 816 3216 magis
861 3132 999 3217 religiosi
1048 3152 1146 3216 quarn
1172 3134 1414 3200 ,sacerdotcssl

386 3236 496 3298 veteris
511 3236 700 3300 testamenti.
723 3238 821 3299 Notet
844 3237 983 3300 secundo
1006 3236 1174 3320 quomodo
1194 3257 1258 3300 non
1283 3237 1401 3306 licuita

386 3340 598 3404 sacerdotibus
636 3341 794 3404 Aaronitis
838 3341 996 3425 acquirere
1038 3341 1097 3403 sibi
1139 3341 1278 3405 redditus
1321 3344 1371 3406 vel

386 3446 524 3508 seculare
558 3446 748 3526 dominium,
771 3448 827 3509 sed
850 3447 881 3509 in
904 3461 1026 3530 partem
1050 3446 1182 3510 dominii
1205 3445 1309 3511 lorent
1332 3448 1377 3529 de,

386 3549 537 3633 porcione
560 3550 617 3612 sibi
640 3549 772 3613 limitata
793 3572 813 3613 ιι
835 3550 968 3613 domino
996 3551 1168 3615 contentati
1201 3547 1252 3636 (ut
1285 3566 1373 3635 patet

386 3654 559 3718 Ezechielis
599 3655 725 3735 xL1v0,
773 3651 843 3741 28);
887 3655 946 3718 alie
988 3671 1097 3720 autem
1134 3655 1233 3719 tribus
1267 3656 1417 3740 impe-30

387 3773 504 3823 trantes
527 3758 745 3842 possessiones
767 3780 786 3821 a
808 3759 873 3822 suis
896 3760 1124 3824 contribulibus
1155 3781 1221 3824 non
1244 3762 1372 3825 exhere-

172 3883 213 3927 ιιι
226 3883 242 3928 ιι
257 3884 276 3927 ιι
290 3893 330 3930 nor
341 3896 376 3929 so.
387 3864 495 3927 darent
517 3883 571 3926 eos
595 3878 760 3947 perpetuo,
787 3865 842 3926 sed
866 3863 898 3926 in
921 3884 1006 3927 anno
1029 3864 1148 3928 iubileo
1174 3866 1375 3931 restituerent

386 3966 562 4030 diutissime
589 3966 766 4051 impetrata.
806 3968 847 4031 Et
868 3982 958 4033 notet
990 3969 1087 4057 tercio
1116 3990 1172 4053 per
1199 3968 1405 4053 intraposita

425 4203 449 4244 4.
469 4191 491 4235 Α
504 4188 528 4234 ln
546 4199 634 4243 marga
656 4187 764 4246 Qualiter
785 4190 944 4236 ssbbstlstclo
963 4203 1008 4248 pro
1028 4203 1092 4237 anno
1105 4189 1206 4249 septlmo
1225 4197 1248 4235 et
1266 4188 1377 4235 reralsslo

386 4269 430 4315 pro
440 4270 501 4303 anno
512 4258 599 4304 labiles
613 4257 658 4306 lalt
671 4258 748 4304 aalide
761 4266 869 4319 tempore
883 4273 926 4308 sao
936 4269 958 4307 et
973 4273 1020 4307 aon
1030 4262 1086 4307 Ιιιιι.
1191 4258 1224 4306 18.
1237 4258 1376 4305 coartamur

386 4329 410 4373 in
425 4326 493 4373 codd.
598 4339 635 4372 ro
650 4331 684 4375 Αι
703 4330 858 4376 contribulos.
963 4329 996 4376 sl.
1017 4332 1040 4377 Α
1058 4332 1081 4377 in
1104 4342 1194 4386 marna
1215 4328 1294 4375 Status
1310 4327 1376 4377 cleris

385 4397 448 4446 Nota
460 4401 511 4446 tris.
528 4399 553 4444 Β.
567 4399 591 4445 ln
601 4410 676 4456 ιιιιιι.
691 4412 754 4445 msa.
769 4399 823 4447 slts
837 4399 899 4447 Nota
912 4413 956 4458 pro
971 4400 1140 4448 sacerdotibus.
