3262 5226
290 465 360 513 cm.
371 445 423 539 na]
666 462 712 516 or
731 462 910 515 accessu.

180 647 208 702 Θ
221 628 375 700 135¹bons
405 623 534 689 ecclesie
560 641 619 707 pro
646 617 785 683 lacinore
813 633 953 704 querunt
978 618 1099 683 laudes.
1137 620 1185 683 Ex
1211 619 1281 686 istis

290 727 546 795 conclusionibus
574 723 668 788 huius
696 722 798 788 sancti
820 723 1122 788 demonstrabilibus
1143 744 1280 808 perpen-

290 835 363 898 dere
377 845 483 917 potest
503 827 728 895 ecclesiasticus
749 842 817 892 tam
838 826 989 911 regularis
1003 847 1104 912 quam
1120 827 1279 911 secularis,

289 938 314 1001 si
343 937 506 1021 diligenter
536 933 715 998 examinent
745 931 979 997 conscienciam
1010 952 1086 995 cum
1113 931 1279 1016 scriptura,

265 1040 449 1125 spalpando
483 1038 708 1118 intencionem,
740 1037 947 1101 solucionem
976 1050 1008 1101 et
1034 1050 1145 1100 motus
1171 1035 1279 1101 anime

290 1165 363 1207 curn
385 1143 565 1206 intencione
581 1141 720 1226 supremi
735 1141 860 1218 iudicis,
883 1143 972 1226 quod
988 1163 1055 1205 non
1070 1156 1139 1206 tam
1153 1141 1279 1205 assidue

289 1248 514 1312 contenderent
536 1267 594 1331 pro
616 1246 736 1310 vocatis
757 1245 854 1310 bonis
879 1244 1019 1312 ecclesie.
1511 1320 1514 1324 ¹

259 1367 280 1422 ts
332 1352 420 1414 Patet
435 1352 589 1414 secundo:
612 1351 791 1428 Quomodo
807 1350 960 1414 dominus
974 1371 1059 1435 papa
1074 1370 1140 1413 non
1157 1348 1278 1424 foveret
1331 1366 1377 1411 ui·
1447 1379 1463 1414 ι

289 1456 342 1519 sed
374 1454 569 1539 extingueret
601 1453 672 1518 lites
702 1453 889 1519 huiusmodi
923 1455 1100 1519 secundum
1134 1419 1504 1567 regulemffiffi‘iee‘ui'i'e'*

250 1558 453 1641 roevangelii:
477 1559 502 1621 si
526 1559 611 1622 enim
632 1558 887 1623 committeretur
908 1559 1023 1643 regnis,
1050 1558 1221 1642 provinciis
1243 1573 1276 1624 et
1284 1524 1505 1622 teifioffsibsi'v}

289 1662 458 1748 parrochiis
481 1683 611 1726 examen
633 1662 697 1726 vite
711 1661 909 1744 clericorum,
932 1663 977 1727 sic
992 1665 1079 1748 quod
1096 1683 1163 1726 non
1179 1662 1273 1726 mini·
1283 1627 1384 1724 pm,
1392 1629 1505 1727 germ

126 1844 134 1857 ,
288 1781 458 1833 strarentur
491 1767 536 1830 eis
566 1767 721 1850 stipendia
752 1768 915 1832 subtracto
943 1767 1131 1832 sensibiliter
1161 1787 1276 1832 eorum
1333 1733 1383 1778 ω
1418 1744 1455 1779 ‘n

125 1866 135 1889 ⁸
178 1877 182 1882 ’
288 1871 473 1953 ministerio,
493 1871 650 1935 viveretur
664 1870 881 1954 superioribus
896 1870 1065 1955 prepositis
1081 1871 1278 1937 tolerabilius

128 1980 135 1991 '
289 1991 319 2040 et
346 1975 558 2039 sacerdotibus
586 1996 659 2039 cum
686 1975 811 2060 populo
834 1974 949 2040 melius
974 1996 1073 2061 quarn
1096 1990 1145 2040 est
1166 1976 1277 2041 modo.

250 2080 436 2152 15Delectus
462 2094 571 2144 autem
597 2094 809 2165 patronorum
836 2095 868 2145 et
897 2079 1010 2165 populi
1032 2095 1143 2165 posset
1165 2101 1278 2166 specu·

289 2186 369 2250 lator
391 2185 535 2269 superior
556 2184 677 2249 facilius
700 2184 854 2268 corrigere
876 2206 976 2270 quam
998 2198 1106 2250 totum
1121 2205 1206 2250 onus
1221 2205 1278 2270 per

289 2312 322 2354 se
344 2311 417 2353 cum
445 2289 530 2353 laisis
556 2290 689 2355 testibus
719 2289 811 2354 litem
842 2289 1044 2375 gignentibus
1075 2303 1276 2375 supportare.

288 2396 353 2458 Nec
382 2394 550 2480 requiritur
574 2394 634 2458 alia
662 2395 710 2459 lex
733 2395 767 2459 in
789 2395 1008 2460 distribuendo
1038 2394 1146 2459 officia
1175 2409 1339 2458 sacer-rue
1353 2412 1415 2472 only
1430 2416 1508 2462 aaa·

288 2500 402 2562 dotum
431 2499 492 2562 nisi
523 2499 668 2583 cognicio
694 2521 712 2562 a
743 2500 846 2585 capite
879 2520 937 2584 per
964 2513 1058 2564 testes
1085 2498 1276 2584 probabiles,
1285 2463 1336 2562 dii
1344 2466 1403 2563 {2¹3
1416 2466 1508 2566 mile

133 2598 142 2637 ³
249 2604 375 2687 20quod
397 2623 481 2667 unus
509 2602 549 2666 sit
571 2618 674 2668 rector
694 2603 726 2666 in
750 2603 927 2668 ministerio
950 2603 1148 2684 sacerdotali,
1171 2569 1510 2671 sold-linibffr'i‘i‘lssf

289 2706 354 2770 cior
378 2705 564 2771 habiliorem
590 2727 779 2792 preponere;
806 2709 846 2771 de
872 2729 940 2794 quo
967 2708 1084 2773 sinon
1110 2709 1275 2794 gauderet,
1285 2672 1510 2775 miminis*

290 2811 452 2895 depositus
484 2810 574 2893 soret,
605 2833 644 2876 es
674 2812 811 2898 ypocrisi
843 2835 880 2877 ac
902 2812 1076 2898 cupiditate
1099 2825 1275 2898 suspectus

140 2956 148 3003 3
254 2935 283 2990 11
333 2917 374 2980 Et
395 2932 483 3001 patet
504 2917 600 2980 tercio
623 2919 712 3001 quod
735 2937 829 2981 causa
844 2917 1049 2981 dissensionis
1065 2932 1097 2981 et
1111 2917 1277 3002 perturba·

291 3021 389 3085 cionis
425 3021 553 3086 ecclesie
584 3021 624 3086 sit
651 3021 775 3085 malicia
805 3022 1015 3087 sacerdotum
1052 3023 1138 3087 Nam
1164 3041 1280 3085 eorum

249 3145 279 3198 25
289 3126 467 3190 virtuositas
484 3126 620 3191 maxime
634 3125 813 3211 pacificaret
828 3126 1006 3209 ecclesiam;
1028 3126 1102 3191 ideo
1117 3147 1157 3191 ex
1171 3149 1276 3212 oppo-

289 3229 349 3293 sito
380 3251 492 3294 eorum
522 3232 706 3315 perversitas
737 3231 876 3296 maxime
904 3233 1066 3318 perturbat
1098 3232 1275 3316 ecclesiam,

289 3334 362 3418 quia
392 3350 558 3418 peccatum
586 3337 675 3421 quod
701 3351 748 3400 est
770 3357 827 3421 per
850 3358 883 3432 se
905 3358 999 3402 causa
1021 3337 1274 3422 perturbacionis

289 3438 414 3502 ecclesie
436 3439 468 3502 in
491 3440 567 3525 ipsis
588 3456 635 3506 est
657 3441 791 3525 gravius.
816 3442 935 3508 Dicunt
950 3442 1035 3506 enim
1050 3456 1162 3507 contra
1178 3440 1275 3505 fidem
1291 3455 1455 3504 wettanus
1468 3461 1500 3508 ot

291 3546 376 3626 quod
399 3559 471 3609 sunt
487 3546 544 3609 viri
566 3561 671 3610 sancte
691 3546 800 3610 matris
816 3547 957 3629 ecclesie,
980 3547 1051 3611 licet
1067 3538 1132 3611 sint
1146 3561 1273 3631 aposta·
1284 3509 1506 3611 pagenam-gra

145 3716 151 3730 ⁴
250 3661 392 3714 letantes
413 3664 516 3733 partes
538 3650 665 3734 diaboli,
689 3666 720 3716 et
742 3672 799 3736 per
821 3673 1029 3737 consequens,
1054 3649 1175 3716 iaciunt
1196 3671 1274 3715 con·

146 3744 153 3753 '
292 3750 447 3816 lusionem
483 3754 515 3818 in
554 3753 630 3837 fide,
672 3755 895 3821 confusionem
932 3756 965 3820 in
1002 3756 1208 3821 sacramentis
1244 3769 1277 3820 et

291 3857 538 3922 subtraccionem
561 3860 730 3944 spiritualis
753 3859 894 3947 suffragii
916 3861 1018 3925 aDco
1041 3881 1098 3945 per
1119 3860 1210 3946 ipsos
1227 3861 1275 3924 in·

290 3964 532 4029 strumentaliter
552 3964 722 4031 densandi.

334 4213 364 4245 ro.
378 4201 409 4246 B:
426 4203 503 4258 regnis
518 4205 604 4262 reguis.
658 4219 685 4252 rr.
700 4218 730 4252 rs.
750 4205 781 4252 u:
796 4205 965 4253 ministrentur.
984 4207 1016 4254 lb.
1035 4205 1129 4253 eorda
1150 4205 1276 4251 rideretur.

291 4282 323 4328 ¹9·
337 4271 360 4316 Α
372 4272 395 4318 la
410 4285 497 4330 merga
512 4274 546 4321 De
560 4277 678 4322 eleccione
692 4278 721 4322 sd
740 4277 863 4333 preleelrs.
878 4276 896 4321 Β
910 4277 933 4322 lo
948 4289 1032 4335 marg:
1046 4275 1110 4323 Nota
1124 4274 1276 4321 deelecclene

291 4337 314 4381 ln
328 4342 497 4397 preposituram
512 4355 558 4401 qua
570 4343 646 4392 forms
661 4345 706 4391 det.
720 4347 755 4391 As
770 4345 866 4403 cognito
878 4358 891 4391 a
903 4345 988 4403 capite.
1047 4357 1083 4390 so.
1094 4343 1154 4390 Aba
1168 4351 1231 4390 recto
1241 4342 1275 4389 io.

292 4418 321 4452 st.
335 4408 364 4454 Βι
377 4411 534 4459 humiliorem.
548 4413 580 4461 ²5.
595 4414 626 4461 ur
641 4414 767 4473 paeltlcsrl.
