3262 5226
380 482 451 529 car.
469 467 536 561 xv]
759 489 805 542 na
823 489 1000 542 aceresia.
1024 451 1057 489 ⁸
1388 470 1392 478 '
1538 479 1598 542 355

260 658 289 711 v
304 657 365 727 ¹7⁸⁸
374 645 455 728 regis
487 658 519 708 et
546 644 613 708 iure
646 645 735 729 quod
766 645 920 727 vendicat,
952 666 1005 709 rex
1036 658 1068 708 et
1098 664 1234 727 regnum
1265 642 1372 710 forent
1380 658 1439 706 rae
1448 664 1486 709 es
1518 666 1601 713 aaut

375 770 520 834 expresse
543 747 683 830 heretici,
707 760 738 811 et
760 748 803 812 sic
826 749 911 812 iuxta
925 748 1010 832 leges
1033 747 1162 812 ecclesie
1181 747 1302 811 nedum
1316 768 1370 812 ex·
1406 726 1569 824 23⁸an

374 853 558 934 heredandi,
581 852 671 915 seda
686 865 755 914 toto
770 851 1001 916 christianismo
1016 851 1162 916 funditus
1176 851 1372 919 destruendi.
1400 818 1509 876 ΜΝ
1521 821 1578 881 ''⁸''

374 957 459 1019 Nam
480 956 543 1020 hoc
571 970 619 1020 est
641 954 849 1021 hereticatum
881 970 917 1020 ut
949 954 1252 1041 dampnatissimum
1283 956 1374 1042 quod
1454 993 1458 999 ·

350 1060 472 1145 §aliqui
508 1058 631 1124 domini
655 1059 845 1143 temporales
876 1074 1010 1144 possunt
1040 1058 1162 1124 aulerre
1185 1059 1373 1144 temporalia

375 1166 415 1228 ab
447 1163 577 1227 ecclesia
609 1162 823 1248 delinquente.
860 1164 954 1229 Unde
985 1164 1110 1227 videtur
1138 1164 1275 1228 zelantes
1312 1185 1373 1248 pro

375 1267 608 1351 dampnacione
641 1266 700 1330 ista
731 1267 891 1332 intendere
925 1269 1011 1354 quod
1045 1288 1127 1351 papa
1149 1267 1243 1331 debet
1275 1289 1373 1352 super

375 1392 474 1454 regno
500 1385 610 1435 nostro
642 1370 844 1456 imperatorie
871 1372 1001 1437 civiliter
1024 1371 1180 1435 dominari
1214 1369 1265 1457 (ut
1295 1392 1372 1456 sepe

350 1475 486 1558 1tetigi),
510 1476 615 1559 primo
644 1475 720 1559 quia
750 1491 957 1560 procurarunt
978 1477 1067 1562 quod
1093 1475 1276 1540 inconsulto
1297 1494 1372 1559 rege
1393 1508 1413 1542 ι.
1427 1497 1455 1543 tn
1469 1500 1552 1547 eree·

333 1577 423 1647 10vel
461 1599 521 1642 suo
559 1580 694 1642 consilio
725 1580 838 1645 virtute
878 1580 1036 1645 bullarum
1073 1580 1236 1665 papalium
1266 1549 1600 1701 legiusu'ehlo'lffue·

373 1682 474 1745 homo
497 1683 579 1767 regis
602 1683 787 1769 ubicunque
809 1685 843 1748 in
866 1684 981 1769 Anglia
1004 1705 1069 1749 non
1086 1683 1250 1748 convictus
1272 1704 1371 1769 super
1395 1652 1584 1758 liffeim

373 1787 528 1871 pravitate
542 1787 680 1852 heretica
695 1803 861 1854 arrestetur
874 1803 906 1853 et
921 1789 1026 1874 papali
1036 1788 1147 1853 carceri
1158 1786 1370 1874 mancipetur,
1440 1760 1542 1822 ΜΨ

374 1905 405 1955 et
427 1888 479 1977 (ut
501 1892 627 1956 videtur
649 1892 872 1980 prudentibus)
896 1914 960 1956 non
975 1908 1082 1978 posset
1104 1914 1171 1957 esse
1187 1892 1371 1959 evidencius

374 1994 505 2078 signum
528 1996 673 2080 capitalis
696 1996 795 2061 civilis
818 1997 952 2061 dominii
983 2019 1066 2082 pape
1089 2018 1185 2082 super
1207 1997 1370 2083 Angliam.

344 2098 524 2169 28ecundo
544 2101 620 2186 quia
643 2101 829 2186 dampnavit
856 2124 893 2166 ex
917 2102 1143 2187 procuratione
1164 2103 1370 2186 quorundam
1393 2135 1414 2168 2.
1429 2102 1455 2171 ιὰ
1469 2128 1590 2187 amenas

374 2204 429 2289 qui
471 2204 621 2269 videntur
667 2227 734 2270 esse
775 2207 815 2270 de
852 2206 965 2270 nostris
1007 2207 1094 2293 quod
1136 2206 1242 2291 alique
1286 2220 1370 2271 carte
1381 2177 1598 2292 alitilia&

374 2308 562 2374 humanitus
597 2308 767 2374 adinvente
793 2324 869 2375 sunt
890 2310 1111 2395 impossibiles,
1145 2325 1177 2374 et
1208 2331 1264 2396 per
1296 2330 1369 2375 con·

374 2433 512 2498 sequens
527 2414 730 2480 catholicavit
750 2415 946 2500 oppositum,
969 2429 1001 2479 et
1024 2436 1098 2479 cum
1120 2414 1318 2500 impossibile
1339 2430 1373 2481 et

375 2518 587 2582 necessarium
616 2519 763 2584 dicantur
785 2519 1041 2584 condicionaliter
1062 2533 1093 2584 et
1114 2519 1299 2605 simpliciter
1320 2517 1373 2606 (ut

330 2636 461 2706 aopatet
484 2623 597 2704 lllllll,
620 2643 652 2708 q.
677 2625 750 2706 ΙΨ,
774 2625 850 2688 Due
873 2626 963 2710 sant)
986 2623 1196 2706 necessitates,
1228 2625 1373 2710 sequitur

374 2746 450 2790 cum
471 2727 554 2791 veris
577 2729 668 2811 quod
692 2729 892 2795 catholicavit
916 2749 1027 2793 omnes
1051 2742 1149 2794 cartas
1172 2728 1245 2793 cleri
1255 2729 1371 2816 Anglie

373 2831 412 2894 de
455 2830 634 2896 elemosina
674 2849 836 2918 perpetua,
881 2849 912 2899 et
958 2853 1015 2919 per
1059 2853 1258 2919 consequens
1304 2855 1370 2898 noa
1471 2902 1482 2923 ‚

373 2933 454 2999 loret
486 2958 614 3002 necesse
656 2940 696 3001 ad
736 2960 841 3022 regern
872 2957 1029 3003 recurrere
1068 2958 1126 3023 pro
1158 2935 1371 3003 ratificacione

372 3055 532 3106 cartarum
543 3042 741 3124 huiusmodi,
757 3062 832 3105 curn
850 3040 913 3104 sint
927 3043 1370 3128 persuperioremdominum

330 3158 362 3211 25
373 3146 495 3210 nedum
511 3145 699 3212 confirmate
722 3145 775 3206 sed
791 3144 985 3213 catholicate.
1011 3148 1051 3211 Et
1074 3147 1172 3212 tercio
1189 3146 1365 3232 potissime,
1384 3164 1500 3213 aaron
1512 3169 1546 3213 aa
1559 3168 1584 3215 ra

372 3250 449 3333 quia
477 3250 625 3313 vendicat
656 3246 745 3331 quod
777 3267 843 3311 aon
874 3248 965 3314 liceat
996 3252 1059 3336 regi
1092 3252 1206 3336 punire
1245 3252 1367 3316 clerum
1388 3219 1579 3370 1⁶3¹thae

371 3374 469 3417 suum
495 3352 617 3437 legium
649 3355 1000 3438 quantumcunque-in
1032 3375 1167 3440 regnum
1198 3356 1367 3441 deliquerit
1394 3327 1572 3435 '‘galal-⁸

373 3478 430 3523 nec
477 3454 661 3521 subtrahere
714 3456 901 3522 elemosinas
953 3458 1026 3523 cleri
1078 3475 1366 3546 quantumcunque
1380 3426 1588 3538 ω’ῗὲιξὼ

305 3574 364 3645 178·
373 3560 602 3644 contempserit
632 3560 692 3624 nisi
717 3561 814 3645 petita
844 3565 884 3626 ab
916 3584 955 3626 eo
977 3563 1107 3628 licencia
1122 3565 1144 3612 *
1158 3579 1191 3630 et
1223 3565 1366 3648 obtenta,

329 3678 404 3732 sset
426 3684 501 3728 curn
524 3663 587 3727 hoc
620 3665 805 3731 nonhabet
832 3688 869 3731 ex
900 3669 969 3751 lege
1001 3669 1118 3734 Christi
1150 3667 1248 3756 (sicut
1278 3681 1367 3755 patet

372 3764 550 3853 scrutanti),
565 3768 606 3832 ab
627 3770 778 3834 omnibus
793 3773 861 3835 eius
878 3770 1052 3837 fautoribus
1067 3773 1257 3858 relinquitur
1276 3773 1366 3858 quod

371 3872 434 3936 hoc
455 3870 553 3936 habet
574 3892 593 3935 a
615 3893 732 3942 cesare.

330 3990 363 4046 x
415 3976 510 4041 Unde
533 3976 649 4041 vellem
672 3981 761 4064 quod
794 4000 848 4044 rex
878 3977 990 4044 laceret
1012 3980 1177 4065 diligenter
1207 3980 1367 4066 inquiria

236 4166 240 4171 Ι
348 4080 457 4148 tclero
488 4102 549 4146 suo
578 4081 664 4168 legio
695 4083 771 4148 istas
799 4097 937 4168 quatuor
969 4084 1167 4168 questiones}
1198 4086 1305 4171 primo
1338 4084 1365 4150 si

411 4266 486 4315 Νι
506 4267 649 4315 exhedaadl.
756 4268 1133 4329 ⁶.aramar1.=rtorasrre
1238 4270 1365 4332 rhhms

370 4337 519 4465 ἓξὲξ..
604 4349 640 4395 ²7·
655 4337 687 4384 lle
701 4337 849 4397 delinquent.
940 4339 974 4386 33.
987 4341 1037 4387 ΑΒ
1051 4341 1174 4402 lamam
1187 4340 1367 4403 rasaquner

1119 4470 1123 4478 '
1228 4485 1290 4537 ,ῃ
