3262 5226
659 387 825 441 sonamus
845 388 990 441 wvcsar.
1176 368 1258 460 [cun.
1271 384 1333 431 vni.

354 565 445 608 mum
483 545 571 629 quod
603 543 727 629 possint
758 563 891 630 regnum
927 545 1066 608 celorum
1100 566 1205 630 rapere
1236 545 1446 609 armis¹5²⁴N

354 648 429 731 suis,
452 648 514 713 luit
535 648 732 734 privilegium
754 648 920 734 singulare.

89 768 93 773 ·
149 767 214 814 ruo
228 768 297 813 etna·
310 766 339 813 or
397 753 438 817 Et
468 772 506 815 ex
538 751 599 817 isto
625 752 753 816 eliciunt
775 754 920 817 doctores
942 753 1030 838 quod
1053 767 1099 818 est
1121 755 1192 818 dare
1214 753 1370 838 duplexo

164 820 318 879 'mm'
352 877 453 941 genus
468 856 607 939 martirii,
630 856 744 921 scilicet
758 855 927 920 affeccione
942 870 973 921 et
992 858 1146 941 corporali
1169 859 1332 943 passione;

353 982 428 1025 cum
454 962 564 1025 beatus
591 960 788 1044 Evangelista
815 982 880 1026 non
904 959 962 1024 suit
984 960 1027 1025 sic
1049 983 1160 1045 passus
1182 978 1357 1047 corpora-5

354 1064 422 1128 liter
445 1086 546 1151 usque
567 1066 606 1129 ad
634 1081 768 1129 mortem
790 1079 826 1129 ut
847 1065 992 1146 lacobus,
1014 1067 1068 1129 sed
1091 1081 1223 1152 uterque
1245 1067 1333 1130 iuxta

354 1191 465 1234 vocem
480 1168 609 1255 predicti
626 1168 740 1235 Christi
756 1168 923 1233 veridicam
939 1169 1016 1233 bibit
1026 1169 1154 1234 calicem
1165 1170 1333 1255 passionis.

178 1286 311 1399 13³3}me
395 1275 492 1340 Sexto
523 1275 675 1338 docentur
705 1295 817 1338 omnes
842 1272 948 1338 fideles
970 1288 1002 1339 et
1023 1269 1196 1360 specialiter
1221 1275 1358 1359 prelati!

293 1370 299 1383 '
354 1400 418 1443 non
453 1398 605 1464 pompare
636 1379 685 1442 vel
716 1380 776 1442 alta
808 1399 916 1464 sapere
938 1380 977 1442 de
998 1381 1113 1463 gradus
1145 1378 1333 1443 excellencia

352 1484 400 1546 vel
422 1482 571 1569 primatu,
603 1503 676 1548 cum
699 1482 843 1547 Christus
866 1482 1044 1568 coniungit:
1077 1485 1197 1548 Sedere
1219 1492 1377 1551 antemio

352 1587 397 1651 ad
423 1588 590 1653 dexteram
613 1588 665 1652 uel
693 1588 738 1652 ad
767 1589 932 1652 sinistram
955 1608 1018 1651 uon
1050 1598 1097 1651 est
1119 1608 1224 1652 meum
1249 1587 1333 1653 dare

353 1694 450 1775 uobis,
477 1693 536 1757 sed
559 1693 674 1776 quibus
690 1704 846 1776 paratum
871 1703 918 1757 est
939 1702 1077 1776 epatre
1100 1713 1179 1757 meo
1207 1693 1332 1770 Quam·

356 1797 400 1859 vis
422 1797 508 1862 enim
525 1795 667 1860 Christus
690 1797 729 1860 sit
751 1796 955 1881 omnipotens
977 1810 1009 1861 et
1031 1797 1170 1861 eiusdem
1193 1796 1332 1860 auctori·

355 1902 425 1966 tatis
456 1917 488 1966 et
519 1901 714 1986 operacionis
745 1922 819 1965 cum
841 1916 948 1986 patre,
979 1916 1069 1985 pater
1090 1922 1127 1964 ex
1150 1923 1182 1964 se
1205 1915 1236 1966 et
1265 1901 1333 1985 ipse

353 2027 409 2090 per
439 2028 484 2089 se,
506 2020 611 2071 tamen
634 2006 777 2071 Christus
800 2028 888 2071 more
910 2028 969 2071 suo
991 2007 1126 2091 loquens
1147 2006 1375 2072 humanitusis

354 2109 468 2195 prefert
491 2126 621 2196 patrem,
644 2111 749 2175 dicens
772 2113 860 2196 quod
884 2111 1007 2176 nullum
1030 2110 1209 2175 memb'rum
1236 2113 1333 2176 eccle·

354 2215 397 2279 sie
419 2215 546 2280 habebit
561 2215 758 2280 mansionem
773 2216 806 2279 in
829 2216 908 2298 celo,
931 2216 990 2279 nisi
1010 2215 1065 2301 qui
1088 2237 1125 2278 ex
1146 2216 1333 2281 auctoritate

355 2320 450 2405 patris
487 2319 661 2384 eternaliter
697 2320 873 2385 inscribitur
908 2321 988 2383 libro
1019 2320 1097 2403 vite;
1134 2320 1221 2405 quod
1259 2319 1333 2385 licet

355 2425 511 2488 eleccione
526 2439 630 2489 eterna
645 2425 684 2490 sit
706 2425 822 2489 lactum
840 2446 896 2509 per
910 2424 1021 2507 filium,
1044 2424 1118 2510 quia
1138 2439 1243 2489 tamen
1268 2425 1331 2487 dis·

355 2528 450 2614 cipuli
468 2529 703 2594 considerarunt
717 2529 880 2595 Christum
900 2531 1074 2594 secundum
1089 2529 1332 2611 humanitatem,
1343 2559 1376 2595 ιο

355 2633 425 2699 ideo
441 2634 641 2698 univocando
657 2654 730 2698 cum
752 2634 796 2699 eis
820 2633 878 2698 fuit
900 2635 1059 2719 pertinens
1075 2633 1237 2699 Christum
1260 2652 1334 2698 vere

355 2752 450 2823 atque
480 2737 641 2802 humiliter
670 2740 833 2803 ostendere
862 2739 1074 2803 minoritatem
1104 2758 1194 2801 suam
1218 2758 1333 2801 secun·

354 2842 432 2906 durn
454 2841 693 2924 humanitatem,
709 2864 783 2907 cum
806 2863 870 2906 non
893 2844 933 2907 sit
954 2842 1179 2907 mentiendum
1201 2855 1335 2927 propter

353 2946 571 3012 devotionern.

397 3053 488 3117 Unde
520 3053 560 3114 ad
591 3051 822 3136 pacificandum
853 3052 1025 3136 discipulos
1052 3066 1082 3115 et
1110 3051 1333 3115 instruendum
1345 3066 1376 3118 25

353 3177 407 3220 eos
440 3157 535 3240 quale
566 3156 764 3241 privilegium
795 3170 826 3219 et
856 3156 1050 3240 prioritatem
1072 3155 1229 3239 eligerent,
1257 3156 1334 3221 dicit

353 3261 440 3344 quod
472 3260 527 3345 qui
559 3260 693 3325 voluerit
724 3262 805 3325 inter
826 3282 881 3323 eos
903 3260 990 3344 prior
1010 3260 1058 3323 vel
1081 3261 1182 3324 maior
1208 3260 1274 3324 fieri
1298 3260 1331 3323 in

353 3364 435 3446 celis,
458 3380 585 3448 oportet
606 3367 694 3450 quod
716 3366 755 3431 sit
777 3387 883 3429 servus
905 3365 1054 3429 humilior
1076 3381 1170 3451 atque
1197 3367 1332 3450 diligen·

353 3469 417 3532 cior
446 3469 497 3532 hic
528 3469 560 3532 in
592 3470 679 3533 terris
713 3469 762 3556 (ut
795 3471 870 3536 alias
897 3472 1018 3534 ostendi
1042 3472 1141 3534 modo
1163 3468 1332 3558 opposito)

352 3573 457 3656 quoad
494 3573 666 3657 primatum
706 3576 755 3637 vel
791 3574 948 3638 honorem
984 3574 1089 3638 seculi.
1139 3576 1213 3639 ldeo
1254 3575 1375 3641 dicit30

352 3675 582 3742 Crisostomus:
614 3679 767 3742 Fructum
795 3679 985 3744 humilitatis
1011 3681 1121 3762 posuit
1147 3681 1329 3761 primatum

390 3866 410 3912 3.
436 3867 458 3911 Α
472 3866 495 3911 in
514 3876 599 3921 marga
621 3864 701 3910 llrrtir
714 3844 781 3923 <⁸
800 3830 896 3911 “iim

769 3913 879 3959 passione
892 3901 1016 3958 corporall.

351 3968 488 4016 llanlriurn.
592 3983 616 4028 9.
630 3970 652 4015 Α
666 3969 689 4014 ln
704 3983 790 4028 nimpe
811 3969 936 4015 humilitas.
960 3970 977 4014 Β
993 3970 1017 4017 in
1032 3982 1104 4027 marg.
1125 3981 1186 4015 man.
1202 3968 1256 4015 altr
1279 3968 1331 4013 Pri·

353 4047 429 4084 matus
444 4038 581 4085 estimetur
595 4038 738 4086 humilitatis.
842 4051 875 4098 ¹⁹·
889 4046 979 4095 tamem
993 4048 1043 4086 tum
1059 4039 1082 4085 ln
1096 4039 1167 4084 codd.
1263 4035 1298 4082 2³.
1312 4037 1331 4082 B

353 4110 376 4153 in
392 4120 466 4164 marg.
481 4122 543 4154 men.
558 4110 609 4153 ru:
624 4107 786 4155 lleneiendum
802 4121 848 4155 non
862 4117 898 4155 err
912 4109 934 4154 ln
949 4122 1020 4156 cause
1034 4109 1176 4156 devocionis.
1258 4105 1295 4152 io.
1309 4108 1332 4153 A

352 4179 375 4223 ln
391 4189 480 4235 marr-e
494 4176 663 4224 crisostomus.

1036 3866 1053 3910 B
1070 3866 1093 3911 in
1109 3876 1181 3922 marg.
1196 3875 1260 3909 man.
1275 3862 1330 3909 alte

397 4300 437 4353 30.
457 4299 533 4371 Opus
551 4301 735 4371 imperfectum
763 4304 780 4356 Ι.
807 4275 840 4369 ci,
866 4317 926 4371 pag.
951 4302 1042 4356 CLlll.
1068 4302 1100 4356 C.
