3262 5226
711 320 882 379 romaum
897 319 1047 376 arcam
1200 294 1362 391 [aaran.

384 478 490 545 evenit
509 480 598 567 qnod
620 480 696 545 suat
717 477 809 562 insta,
832 489 866 543 et
889 476 1021 564 qnando
1045 473 1197 541 deliciunt
1222 472 1262 537 sb
1295 471 1477 559 elusam

383 578 884 669 regolaciooesnntiaiustaldeo
891 578 1090 645 dicitneritas
1097 576 1228 644 Matthei
1237 576 1364 661 V·,ao:

384 686 459 751 disi
466 682 700 753 islondcmit
711 685 841 753 iusticia
857 692 966 751 restra
976 683 1057 769 plus
1068 702 1167 769 gaam
1176 682 1363 749 scribarum

384 800 416 855 et
433 790 677 877 phariseorum,
704 808 770 855 noa
794 786 961 857 interlitis
981 790 1016 853 irr
1037 807 1179 875 regnam
1206 788 1363 854 celorum.
1439 774 1442 779 ’

213 906 329 954 mres«
421 894 557 961 'Folstarn
577 914 654 981 ergo
673 894 845 961 mamitus
864 894 953 981 quod
974 894 1121 959 sacerdos
1142 891 1259 958 Christi
1280 891 1403 958 acci-R

167 960 369 1057 *mli*
384 996 433 1084 pa
450 997 705 1065 dominacionem
717 998 842 1063 amem
855 1018 874 1062 a
888 994 1026 1081 canno,
1047 996 1131 1063 acm
1145 1017 1203 1061 ne<
1216 995 1365 1061 savam

324 1094 334 1121 ’
382 1102 504 1189 occepit
521 1122 667 1185 souare
687 1103 744 1168 sod
765 1100 972 1167 elemosinam
994 1100 1117 1186 accepit
1138 1100 1178 1165 nb
1200 1120 1250 1166 eo.
1272 1098 1364 1165 Prius

382 1226 460 1291 ergo
486 1220 629 1292 tempore
651 1219 684 1271 et
705 1219 816 1272 natura
836 1204 947 1271 habuit
968 1205 1117 1271 silvester
1146 1203 1258 1269 omnis
1277 1204 1362 1268 bons

382 1308 519 1396 imperii,
546 1310 649 1377 immo
672 1310 731 1376 luit
751 1310 902 1375 dominas
922 1328 1019 1395 super
1037 1322 1120 1375 astra
1135 1322 1167 1374 et
1182 1307 1292 1374 omnic
1314 1308 1363 1373 in·

383 1413 497 1479 leniora
517 1414 647 1480 homine
668 1414 702 1479 in
724 1428 845 1497 aarum
866 1414 921 1479 sed
941 1434 1008 1479 noa
1023 1412 1119 1479 titulo
1133 1412 1228 1496 civili,
1249 1434 1363 1501 ymmo
1376 1441 1408 1479 ro

381 1518 477 1585 titulo
496 1520 599 1606 gracie
625 1540 691 1607 quo
711 1520 789 1586 iusti
806 1529 884 1585 suat
904 1517 1117 1597 castanea
1147 1533 1222 1604 post
1242 1520 1365 1604 accepit

382 1622 415 1688 in
438 1644 533 1689 usum
546 1624 744 1711 corporalem
759 1622 852 1689 titulo
866 1622 1040 1689 elemosine
1061 1635 1136 1709 post
1151 1622 1363 1689 donacionem

383 1728 506 1811 cessds,
536 1742 569 1794 et
589 1728 692 1794 adhuc
713 1728 747 1793 in
769 1728 821 1792 illa
844 1725 1110 1793 elemosinarione
1132 1727 1245 1792 cesaris
1275 1728 1368 1812 prius

384 1832 566 1897 naturaliter
586 1834 641 1899 sed
662 1853 728 1899 non
750 1834 839 1920 prius
867 1847 1013 1920 tempore
1038 1833 1103 1917 egit
1129 1833 1225 1897 Deus.
1269 1834 1364 1900 Unde

183 1944 262 1992 «nm
275 1945 355 1993 mu
384 1955 444 2003 nec
458 1936 686 2004 Constantinus
701 1959 758 2004 nec
777 1939 864 2003 Deus
884 1937 954 2024 ipse
971 1938 1077 2023 potuit
1099 1938 1235 2001 donasse
1256 1938 1406 2003 domi-15

169 1998 370 2097 &suffia
385 2040 550 2107 necionem
572 2042 694 2107 civilem
708 2044 810 2108 ·beato
838 2042 988 2108 Silvestro
1013 2057 1117 2107 stante
1147 2062 1230 2127 puro
1250 2042 1364 2107 ordine

200 2102 238 2149 ,ἢ
250 2102 344 2149 “m
381 2146 527 2227 clericali,
541 2146 614 2211 ideo
632 2168 707 2213 cum
721 2148 775 2213 illa
789 2168 854 2212 non
870 2146 965 2213 habet
978 2147 1202 2212 auctoritatem
1222 2167 1241 2211 a
1263 2147 1362 2232 scrip·
1431 2155 1440 2162 '
1466 2158 1470 2164 '

377 2254 453 2315 'tura
467 2271 561 2333 mem,
583 2267 615 2318 et
634 2272 707 2317 cum
731 2253 907 2319 secondum
920 2250 1138 2337 Augustinum
1151 2253 1182 2319 si
1201 2253 1244 2317 sit
1266 2252 1363 2332 utilis,

384 2354 602 2439 inscriptura
631 2376 731 2422 sacra
762 2358 933 2442 invenitur,
964 2342 1133 2421 manifesta
1164 2369 1250 2441 patet
1272 2359 1362 2442 quod

280 2524 283 2529 ,
384 2480 450 2524 non
472 2459 661 2527 adsensum
683 2461 874 2528 catholicum
893 2459 1078 2548 intelligitur
1099 2460 1153 2527 illa
1174 2477 1258 2527 carta
1272 2462 1407 2528 Con-so

382 2564 521 2647 stantini,
528 2565 631 2651 posita
640 2566 672 2630 in
682 2567 821 2650 decretis,
835 2566 923 2633 XCV
925 2568 952 2631 ΙΙι
962 2568 1006 2650 d,
1017 2565 1258 2645 mamentianos,
1273 2569 1364 2654 quod

382 2667 548 2755 resignavit
569 2670 627 2735 sibi
650 2669 767 2735 ibidem
789 2669 1046 2736 dominacionem
1061 2670 1198 2756 civilem,
1221 2674 1278 2736 sed
1300 2673 1363 2738 ele·

383 2773 540 2838 mosinam
554 2789 698 2840 vocatam
719 2790 905 2863 perpetuam
923 2777 973 2842 vel
995 2791 1097 2842 monte
1112 2777 1194 2842 cirili
1217 2776 1364 2841 dominio

382 2879 466 2962 apud
491 2899 627 2945 cesarem
641 2881 696 2945 ’vel
718 2880 865 2949 extincm.

168 2985 249 3083 &2¹¹¹
262 2987 372 3085 {mi
428 2983 467 3048 Et
499 2999 654 3069 quantum
684 2988 724 3049 ad
754 2985 874 3051 dictum
897 2987 1018 3051 Nicolai
1047 2987 1245 3070 patamonis,
1277 2993 1405 3072 patet²5

167 3051 251 3149 pmii
265 3092 368 3149 princes
382 3088 470 3171 quod
496 3089 660 3173 equivocat
680 3092 731 3154 nel
757 3090 961 3176 blasphemat.
995 3093 1078 3155 Nam
1106 3090 1251 3157 Christus
1278 3093 1362 3157 sacto

383 3205 414 3255 et
435 3193 532 3257 verbo
558 3194 695 3280 precepit
717 3210 748 3261 et
770 3195 879 3260 docuit
900 3196 1030 3261 clericos
1052 3216 1130 3259 suos
1162 3196 1252 3260 subdi
1276 3197 1360 3281 prin·

382 3296 516 3383 cipibus,
546 3300 589 3364 sic
621 3300 707 3364 enirn
728 3300 866 3387 precepit
887 3302 981 3366 Petro
1004 3299 1136 3365 Matthei
1158 3301 1273 3384 wi,
1311 3305 1362 3384 25,

383 3405 470 3486 quod
493 3404 625 3468 solveret
646 3404 842 3490 didragmam
869 3405 964 3469 cesari
986 3425 1047 3489 pro
1065 3403 1202 3469 Christo*
1215 3419 1246 3470 et
1268 3405 1363 3471 Petro

383 3505 536 3591 figurante
558 3530 648 3573 suam
667 3510 840 3591 ecclesiam,
863 3525 894 3574 et
913 3509 1123 3595 interrogatus
1145 3509 1171 3573 si
1194 3510 1267 3574 licet
1288 3511 1407 3574 dare³0

383 3631 514 3676 censum
536 3615 642 3696 cesari,
673 3627 800 3679 ostenso
827 3614 884 3677 sibi
909 3614 1038 3678 denario
1069 3613 1160 3678 cuius
1191 3614 1300 3697 imago
1332 3630 1363 3681 et

383 3719 609 3804 superscriptio
632 3734 698 3783 crat
719 3719 842 3801 cesaris,
865 3718 907 3782 sic
930 3718 1106 3805 subiungit:
1131 3720 1265 3794 Reddite
1279 3739 1364 3805 ergo

421 3950 442 3984 a.
454 3939 485 3985 ll:
502 3949 556 3986 sant
569 3941 653 3986 inlares
662 3964 688 3975 -
698 3940 751 3985 ldeo
760 3940 815 3986 dlcit
825 3939 910 3986 rerltss
920 3940 994 3986 deest.
1060 3938 1081 3987 3.
1090 3941 1127 3987 Aa
1137 3950 1216 3987 restra
1224 3952 1297 4000 qaam
1307 3941 1360 3999 plns

382 4009 403 4056 i.
419 4011 441 4055 Α
455 4010 478 4056 ln
494 4022 580 4067 marga
593 4010 734 4069 Responsio.
839 4008 873 4056 32.
886 4010 910 4056 Α
923 4010 947 4055 lo
957 4022 1045 4066 merge
1061 4012 1100 4057 An
1110 4012 1253 4058 benedicens
1266 4009 1362 4058 unlner-

382 4077 462 4124 naliter
475 4079 506 4125 slt
520 4079 613 4137 dignlor
625 4080 749 4126 benedleto
762 4081 851 4137 (Belou
864 4088 915 4137 ¹7⁴·
928 4079 1027 4126 without
1040 4082 1107 4127 mark
1121 4081 1148 4127 ol
1160 4080 1299 4134 reference).

427 4252 468 4288 ar.
478 4237 540 4290 Dec.
552 4239 561 4291 1
584 4255 652 4308 pars,
664 4240 723 4292 dlat.
734 4239 823 4305 xcvi,
835 4255 858 4292 c.
870 4240 938 4292 xlv.
1011 4238 1050 4291 28.
1069 4238 1161 4291 llsttlr.
1174 4240 1255 4307 xxll,
1268 4254 1310 4292 ar.
