3262 5226
167 692 315 785 esent]
565 709 807 765 sermnem

87 882 148 937 166·
158 868 290 934 Christo
323 869 455 935 eiciente
478 869 652 932 vendentes
683 882 714 931 et
743 880 886 931 ementes
909 866 949 930 de
971 868 1097 953 templo
1130 883 1163 934 et

158 972 283 1038 dicente
295 974 425 1039 Mottbei
442 973 543 1053 xxv,
565 974 617 1037 13:
634 974 762 1037 Domus
778 971 976 1036 rrteadomus
994 974 1162 1038 oracionis

158 1080 339 1159 vocabitur,
348 1089 523 1143 rorantem
524 1078 659 1164 jecistis
668 1078 759 1141 illam
770 1076 960 1160 speluncam
970 1077 1163 1143 latronem?

92 1196 150 1249 ut
204 1184 319 1261 Qualis
355 1204 431 1268 ergo
476 1182 586 1267 religio
613 1196 661 1245 est
688 1181 771 1245 inua
797 1181 962 1245 ecclesium
994 1181 1163 1247 defendere
1180 1178 1379 1293 Wltsultbggiesso'·

134 1288 339 1367 §sceleratoa
353 1287 454 1350 eciam
463 1287 534 1351 licet
544 1286 705 1350 evidencia
713 1286 868 1370 probabili
881 1284 998 1351 luerint
1007 1282 1163 1352 indurati?
1214 1299 1349 1357 coenan,

129 1398 227 1457 adut
250 1390 354 1475 qualis
377 1390 495 1453 utilitas
524 1404 571 1454 est
602 1389 763 1455 monacho
790 1410 899 1474 pamre
922 1392 1060 1455 domum
1083 1412 1161 1456 con·
1179 1353 1380 1466 fffliiisilii‘

159 1493 325 1558 ductivam
344 1495 444 1558 eciam
465 1493 619 1558 induratis
643 1494 817 1558 latronibus
840 1493 990 1580 fugitivis,
1013 1455 1336 1581 quumvismitriii'ii,e
1349 1456 1388 1503 ‘⁰‘

161 1599 193 1662 in
217 1598 280 1662 line
303 1598 367 1663 vite
390 1620 503 1663 corum
523 1598 671 1662 abbathia
692 1599 838 1664 habuerit
862 1599 973 1663 omnia
994 1598 1161 1665 latrocinia

130 1715 225 1788 oque
258 1699 450 1788 apportant?
486 1709 554 1767 Aut
586 1704 690 1787 qualis
723 1703 836 1788 religio
867 1720 915 1768 est
946 1704 1046 1771 tercio
1078 1704 1159 1770 tueri
1193 1729 1224 1762 or
1236 1717 1261 1764 tn
1277 1719 1365 1777 nune

121 1834 150 1870 ιο
160 1806 332 1870 sceleratos
361 1809 420 1871 sub
448 1807 546 1891 pollio
570 1807 646 1870 false
669 1806 795 1892 pietatis
826 1810 866 1872 ad
889 1808 1160 1894 dampnacionem
1168 1771 1386 1880 &diffini-iffi

161 1911 267 1974 anime
297 1932 411 1976 corum
439 1926 471 1976 et
497 1911 708 1975 inlecclonem
731 1911 860 1976 ecclesie
882 1913 1071 1998 Anglicnne,
1104 1912 1159 1977 ubi
1185 1875 1366 1988 niieifflffn,

161 2030 249 2079 extra
282 2015 371 2078 illam
403 2015 589 2100 speluncam
622 2016 717 2100 positi
740 2018 884 2100 parendo
907 2016 966 2081 iuri
989 2017 1159 2082 communi

162 2119 267 2183 locent
290 2120 499 2185 verisimiliter
520 2120 685 2184 salubriter
707 2117 868 2204 castigati?
907 2121 966 2184 Vel
988 2122 1160 2226 quomodo

131 2234 258 2289 estaret
282 2240 397 2310 quarto
422 2245 495 2289 cum
511 2224 690 2289 iuramento
709 2225 790 2308 regis
810 2225 843 2288 in
864 2225 1048 2309 recipiendo
1071 2225 1200 2310 regnier
1214 2253 1259 2287 cas
1273 2243 1317 2288 tn·
1329 2244 1388 2302 ung

121 2329 387 2414 ssgubernncula,
406 2331 495 2414 qnod
519 2343 631 2394 statut
647 2343 734 2412 patet
757 2350 794 2392 ex
819 2330 1000 2393 iuramento
1023 2330 1160 2414 regiain
1200 2294 1356 2406 'i'r't‘vttiilgi

95 2441 152 2495 ιῦὸ·
162 2434 389 2498 observacione
410 2434 532 2497 iusticie
555 2434 745 2519 cuicunque,
761 2433 782 2479 *
797 2449 832 2498 ut
854 2454 981 2498 veneno
1003 2434 1161 2519 privilegii

162 2539 268 2602 locent
299 2538 402 2603 ecinm
433 2538 576 2601 membra
610 2538 727 2601 diaboli
761 2538 801 2601 ad
832 2537 1100 2604 intoxicacionem
1130 2553 1163 2604 et

162 2644 311 2706 iniuriam
333 2644 419 2726 regui
436 2637 503 2706 sui?
518 2644 634 2706 Nonne
651 2642 859 2707 Ecclesiastici
875 2644 933 2724 X0,
949 2643 980 2724 8,
996 2642 1160 2708 scribitur:

162 2749 314 2832 Regnum
347 2748 388 2810 de
417 2756 516 2831 gente
543 2750 575 2809 in
612 2757 743 2831 gentem
780 2745 988 2832 transfertur
1018 2756 1161 2832 propter

119 2854 346 2917 aoiniusticias
363 2863 466 2936 ,atque
481 2852 648 2915 iniurias?
670 2851 758 2916 Sicut
781 2852 867 2914 enim
883 2850 980 2915 nichil
995 2853 1070 2937 plus
1086 2850 1160 2916 lacit

162 2959 201 3019 ad
234 2957 485 3019 stabilimentum
517 2956 603 3040 regni
641 2976 740 3039 quarn
774 2956 941 3019 observare
976 2956 1159 3040 cuicunque

161 3060 319 3124 iusticiam
343 3076 374 3125 ct
397 3081 453 3144 per
480 3060 686 3143 punicionern
709 3059 977 3144 prevaricatorum
1006 3081 1159 3143 severam,

162 3167 206 3229 sic
230 3165 328 3228 nichil
352 3168 423 3249 plns
439 3165 579 3227 minatur
594 3165 720 3227 ruinam
735 3184 835 3247 regno
858 3184 958 3249 quam
974 3178 1158 3229 constanter

162 3269 270 3336 lovere
293 3270 431 3334 iniurias

119 3376 150 3428 ²5
207 3376 248 3437 Et
279 3373 304 3437 si
339 3374 476 3438 obicitur
507 3376 595 3458 quod
628 3375 714 3437 iuxta
747 3374 841 3437 istam
876 3372 1072 3437 sentenciam
1103 3395 1157 3438 rex
1168 3391 1191 3437 tt
1203 3394 1241 3437 ue
1253 3393 1382 3459 ‘trugnac

161 3479 290 3562 puniret
324 3478 497 3541 homicidia
525 3478 602 3540 inibi
630 3492 817 3562 perpetrata,
841 3477 951 3557 lateor,
974 3481 1030 3541 scd
1054 3445 1385 3599 rectus¹ini⁰d¹iiaiiilg

161 3585 242 3646 ordo
259 3582 366 3666 exigit,
376 3597 411 3646 ut
425 3583 549 3665 gravior
564 3582 722 3647 iniusticia
738 3583 834 3646 cicius
850 3584 1041 3665 corrigatur:
1058 3583 1159 3646 modo
1168 3549 1376 3651 'iiibeismiiim

162 3708 238 3749 vero
273 3709 310 3750 ex
346 3687 578 3750 inhabitatione
601 3689 827 3751 sceleratorum
849 3687 882 3749 in
906 3687 1097 3768 sanctuario,
1121 3706 1160 3749 ex
1238 3655 1316 3701 Μ

162 3790 324 3854 occisione
347 3790 483 3875 religiosi
508 3791 589 3854 intra
613 3790 790 3872 ecclesiam,
812 3812 850 3853 ex
867 3790 1024 3854 fraccione
1048 3790 1159 3876 capitis

118 3897 151 3948 30
163 3894 300 3978 religiosi
325 3893 425 3957 eciam
448 3895 591 3978 gradunti
621 3896 700 3960 intra
725 3896 890 3958 ecclesiam
912 3915 969 3979 per
992 3916 1096 3959 unum
1119 3894 1160 3958 de

161 3998 227 4060 suis
250 3997 471 4075 confratribus,
488 4019 563 4062 cum
579 4001 735 4064 similibus
758 4021 822 4085 que
837 4015 954 4064 sonant
969 4020 1047 4063 cum
1069 3998 1158 4063 habi·

162 4103 302 4165 tantibus
337 4103 502 4166 ecclesiam
534 4105 663 4167 maioris
695 4106 813 4188 peccati
846 4104 1063 4189 gravedinem,
1085 4103 1159 4186 plus

163 4208 313 4289 polluunt
336 4208 444 4271 locum
480 4230 577 4293 quam
609 4210 722 4272 effusio
750 4209 912 4293 sanguinis
944 4210 994 4271 vel
1029 4207 1159 4271 seminis

163 4312 194 4373 in
218 4332 283 4395 qun
309 4331 373 4371 non
398 4325 484 4374 tanta
506 4314 644 4396 gravedo
668 4314 808 4377 criminis
831 4327 879 4377 est
901 4313 1043 4377 lundata.

200 4508 220 4541 a.
242 4499 264 4543 Α
284 4496 307 4542 ln
323 4496 493 4553 maranum.
599 4501 623 4544 ⁶.
638 4512 660 4555 7.
680 4503 702 4546 Α
722 4502 765 4558 An
783 4500 966 4547 conducticiarn.
1073 4499 1107 4546 1⁶.
1122 4500 1157 4545 Αι

161 4565 292 4682 Ξὶἓὲοςὶἰ.
399 4567 433 4613 tl.
447 4568 602 4627 Aiomrrgm
617 4569 739 4616 Oblecclo.
847 4580 883 4626 ²9·
898 4569 1001 4617 Brintra
1020 4594 1046 4605 -
1061 4568 1157 4616 malorlr
