3262 5226
690 499 860 553 sonemus
876 499 1025 554 wrcen.
1179 480 1353 572 [censum

368 655 623 740 transsumptive,
638 669 674 720 ut
688 657 776 741 quod
792 656 923 722 ecclesia
937 657 977 721 sit
991 656 1092 742 virgo,
1102 656 1219 736 vetula,
1235 676 1353 740 sponsa
1367 669 1425 724 188·
1437 670 1463 725 0

367 774 399 824 et
430 774 532 825 mater
561 780 636 824 cum
666 760 984 824 denominncionibus
1006 760 1203 825 huiusmodi.
1235 759 1353 824 Omnia

367 862 426 927 ista
448 863 596 928 dicuntur
610 864 650 926 de
669 863 798 928 ecclesia
820 864 1075 949 transsumptive,
1094 864 1215 929 mistice
1238 878 1269 928 et
1292 864 1352 925 im·

165 977 215 1025 sut!
233 978 257 1023 th
305 989 344 1023 m
366 966 504 1052 proprie
542 966 688 1051 Inprimis
722 986 873 1051 suppono
905 970 993 1051 quod
1023 969 1180 1053 sequitur:
1215 968 1353 1032 Ecclesia

167 1031 339 1128 ”inieriiorin
366 1085 414 1135 est
440 1070 615 1156 improprie
642 1070 742 1155 virgo,
765 1085 877 1153 mater,
901 1093 1016 1156 sponsa
1044 1072 1161 1136 Christi
1185 1087 1255 1152 etc.,
1279 1087 1377 1156 erg05

185 1134 323 1192 rppnerue
365 1174 374 1189 ,
610 1175 618 1191 ,
749 1176 757 1190 ,
1189 1177 1196 1190 ,
1227 1177 1235 1191 ,

365 1195 435 1258 rpsn
448 1189 496 1239 est
509 1175 649 1254 ecclesrn,
664 1190 712 1239 est
726 1196 826 1260 virgo,
838 1191 940 1240 mater
953 1191 983 1241 et
992 1198 1110 1260 sponsa
1120 1166 1247 1241 Chnsn.
1265 1177 1353 1240 Patet

365 1278 542 1363 tripliciter:
553 1279 660 1344 Primo
669 1300 707 1343 ex
716 1278 778 1344 hoc
786 1282 876 1365 quod
888 1281 1000 1344 doctor
1009 1302 1082 1365 sepe
1091 1282 1236 1346 concedit
1245 1279 1376 1351 huius-1

366 1382 455 1446 modi
474 1383 713 1468 proposiciones
731 1383 931 1468 simpliciter;
954 1386 1094 1449 secundo
1119 1407 1158 1449 ex
1183 1388 1245 1451 hoc
1263 1386 1381 1469 quode

365 1486 454 1570 aliter
476 1509 543 1552 non
566 1485 756 1552 satisfaceret
776 1486 868 1551 alicui
894 1488 947 1551 tali
963 1488 1192 1572 proposicioni,
1214 1488 1349 1551 dicendo

365 1606 475 1656 utrum
496 1593 590 1657 debet
612 1592 742 1656 concedi
764 1591 949 1676 simpliciter
974 1592 1024 1654 vel
1047 1591 1165 1675 negoti.
1207 1591 1241 1655 si
1264 1591 1351 1654 enim
1365 1626 1394 1662 ,ο

365 1695 423 1761 iste
444 1696 600 1761 terminus
622 1696 795 1780 improprie
821 1696 861 1760 sit
888 1696 1042 1760 terminus
1065 1694 1251 1775 distrahens,
1274 1709 1351 1758 tunc

366 1814 532 1886 negaretur
552 1800 657 1864 maior
677 1821 748 1885 pars
771 1801 928 1865 dictorum
953 1813 1135 1864 sanctorum
1160 1799 1199 1863 de
1222 1798 1351 1862 ecclesia

365 1917 397 1968 et
418 1904 521 1968 maior
543 1925 614 1988 pars
640 1904 791 1988 scripture
817 1924 902 1968 sucre
929 1924 965 1968 nc
988 1905 1075 1968 modi
1098 1903 1264 1987 loquendi,
1286 1923 1351 1986 que

366 2023 473 2072 tamen
497 2009 577 2071 bene
605 2028 754 2072 concesso
781 2022 864 2073 sunt.
904 2008 1016 2072 Scribit
1042 2009 1129 2072 enim
1152 2007 1351 2090 Augustinus

364 2112 397 2175 in
413 2112 461 2176 De
476 2112 587 2177 Verbis
603 2113 733 2177 Domini
755 2133 850 2197 super
870 2113 953 2193 Joh.,
967 2114 1120 2177 Sermone
1137 2113 1191 2192 L0,
1207 2111 1349 2176 ecclesie:
1364 2130 1392 2182 ,5

367 2215 530 2281 Concessit
555 2217 700 2283 Christus
723 2220 756 2281 in
777 2218 893 2301 spiritu
916 2217 1002 2302 qnod
1023 2228 1128 2281 mater
1149 2219 1218 2281 eius
1241 2217 1351 2280 babuit

365 2322 397 2384 in
419 2342 566 2406 corpore,
589 2334 625 2386 ut
645 2334 675 2386 et
698 2333 800 2386 mater
819 2324 963 2409 et-nirgo
983 2324 1035 2387 sit.
1059 2323 1099 2386 Et
1120 2323 1183 2386 hoc
1205 2336 1253 2386 est
1273 2341 1349 2404 pro·

365 2426 473 2510 prium
496 2426 565 2490 Deo
588 2441 708 2508 nostro,
740 2442 776 2492 ut
805 2428 844 2492 de
871 2441 1019 2512 corrupto
1040 2426 1142 2512 possit
1165 2426 1263 2490 iacere
1287 2426 1349 2489 vir·

364 2530 483 2613 ginem,
498 2530 580 2595 sicut
601 2531 701 2607 homo
725 2545 834 2595 contra
858 2533 897 2595 de
919 2532 1037 2616 virgine
1061 2531 1134 2594 facit
1156 2544 1349 2614 corruptam,

364 2633 488 2698 dicente
508 2635 680 2714 Jeronimo,
698 2635 778 2699 libro
793 2635 909 2720 primo,
924 2656 1019 2719 super
1040 2635 1095 2698 illo
1109 2635 1192 2699 Osee
1216 2635 1269 2714 11⁰,
1298 2648 1349 2717 19:
1360 2668 1393 2704 ro

366 2739 532 2823 sponsabo
560 2751 591 2804 te
612 2741 690 2803 mibi
710 2741 744 2803 in
766 2743 996 2825 sempiternum
1018 2750 1050 2802 et
1074 2740 1234 2823 sponsabo
1262 2750 1292 2802 te
1314 2739 1347 2801 in

365 2844 489 2908 iusticia
519 2856 552 2908 et
581 2844 694 2908 indicio
721 2856 752 2908 et
780 2844 1000 2909 misericordia
1027 2855 1059 2908 et
1084 2844 1348 2908 miseracionibus

365 2960 395 3011 et
415 2948 574 3031 sponsabo
602 2959 632 3012 te
658 2949 735 3011 mibi
761 2950 794 3012 in
810 2948 891 3033 fide.
926 2950 1029 3030 Super
1050 2969 1117 3032 quo
1140 2948 1183 3010 sic
1206 2947 1350 3032 loquitur

365 3068 491 3117 sanctus
514 3056 627 3117 doctor
640 3052 677 3118 *r
696 3054 725 3118 0
755 3066 876 3138 quanta
903 3055 1074 3118 clemencia
1098 3054 1170 3133 Dei,
1195 3053 1349 3115 meretrix
1366 3070 1422 3122 138·

366 3178 507 3241 precum
519 3160 626 3223 multis
637 3161 834 3222 amatoribus
836 3159 1008 3243 fornicata
1018 3170 1066 3222 est
1075 3169 1105 3221 et
1114 3159 1153 3221 ob
1163 3157 1221 3221 boc
1230 3158 1350 3221 crimen
1362 3191 1375 3227 2
1380 3175 1393 3227 5

365 3263 470 3326 bestiis
493 3263 622 3345 tradita,
640 3275 810 3348 postquam
835 3266 1006 3328 revertitur
1027 3264 1071 3326 ad
1092 3264 1209 3339 virum,
1233 3282 1350 3345 nequa·

364 3387 460 3450 qnam
485 3369 514 3430 ei
535 3370 738 3431 reconciliari
759 3369 877 3432 dicitnr
902 3368 960 3432 sed
980 3367 1178 3452 desponderi.
1219 3366 1261 3428 Et
1283 3367 1352 3428 ride

364 3471 442 3553 qnid
468 3472 510 3534 sit
531 3474 614 3535 inter
636 3474 698 3535 Dei
719 3474 975 3537 coniunccionem
999 3485 1030 3535 et
1051 3473 1234 3549 bominum
1257 3473 1351 3533 homo

364 3594 436 3637 cnm
463 3596 597 3638 uxorem
620 3579 785 3660 acceperit,
809 3577 847 3640 de
870 3578 995 3661 virgine
1018 3577 1183 3638 mulierem
1196 3574 1295 3658 jacit,
1319 3575 1352 3637 id

365 3689 421 3754 est,
440 3700 504 3742 non
519 3681 675 3764 virginem
681 3696 694 3757 ;
711 3679 804 3744 Deus
821 3692 927 3743 autem
948 3680 1169 3743 meretricibus
1183 3680 1393 3761 copulatus3o

403 3936 469 3981 nn:
484 3937 561 3981 notos.
573 3935 667 3983 Omnis.
760 3948 780 3992 7.
806 3937 831 3981 Be
850 3935 1043 3981 eoncedirbntns.
1146 3933 1350 3989 refirmare:

364 4005 513 4062 leronymus.
619 4017 648 4051 rr.
662 4008 684 4052 Α
698 4007 721 4051 in
736 4017 822 4061 mergn
846 4006 933 4052 Christi
947 4004 1104 4062 desponsetis
1117 4003 1172 4048 tacit
1188 4016 1216 4048 ex
1230 4006 1351 4049 meretrice

367 4075 489 4129 virginem.
504 4073 564 4120 Vite
577 4087 656 4133 supro
761 4087 796 4129 ²4·
812 4076 842 4120 Be
860 4074 887 4121 S.
900 4074 1013 4120 Thomas.
1118 4072 1154 4120 28.
1172 4075 1313 4120 coniunctos
1326 4072 1350 4116 t

364 4144 435 4190 codd.
454 4144 552 4190 Corrert
567 4157 579 4189 e
592 4151 654 4190 texto
668 4144 813 4202 Hieronymi.
845 4145 848 4150 '

413 4320 456 4373 15.
479 4323 547 4388 Aug.
566 4320 636 4390 Opp.
655 4303 769 4389 tonsu,
786 4338 845 4391 psg.
864 4319 925 4388 675.
1027 4314 1070 4387 ns.
1095 4321 1250 4388 Hieronymi
1269 4320 1351 4373 Corn·

366 4419 446 4460 ment
465 4409 492 4459 in
505 4408 603 4460 Osesm
616 4409 738 4478 prophet
756 4409 801 4461 lib.
815 4409 833 4473 Ι,
851 4424 907 4477 cnp.
922 4407 952 4461 11.
965 4407 1036 4477 Opp.
1050 4409 1084 4461 Vl
1111 4406 1166 4478 (ed.
1179 4409 1277 4476 Migne)
1290 4407 1350 4463 881.
