3262 5226
342 449 475 544 mvl]
715 470 762 523 ῠΕ
779 468 957 524 accensu.
1482 476 1548 540 ¹¹9
1619 498 1622 503 -

108 650 114 737 ζ
227 648 256 704 1>
273 628 430 715 145·quod
451 626 581 713 quidam
602 625 712 693 dicunt
725 626 848 693 nullam
862 646 929 690 esse
944 625 1108 690 ecclesiam
1123 625 1321 706 catholicam,
1337 638 1414 737 steppo
1427 652 1454 686 s·
1485 640 1539 688 ssa

1405 690 1442 738 Ca
1495 694 1521 738 le

341 733 416 820 quia
438 745 574 796 nonest
599 732 673 796 dare
699 730 887 797 universalia
913 752 951 796 ex
977 745 1066 817 parte
1094 730 1148 795 rei.
1182 729 1320 809 Quidam
1339 743 1538 852 mmm

311 856 416 908 avero
437 837 547 901 dicunt
569 837 658 921 quod
679 835 812 902 ecclesia
839 850 888 902 est
916 834 1056 919 ecclesia,
1090 835 1145 899 sed
1177 856 1244 900 non
1274 849 1322 901 est
1342 861 1390 907 >so
1403 848 1452 894 reu
1465 848 1520 894 exr-

341 941 461 1028 aliquid
482 942 537 1004 sed
557 940 673 1026 aliqua,
697 963 754 1008 nec
773 941 907 1027 aliquod
921 955 968 1007 est
982 940 1164 1005 membrum
1179 940 1320 1026 ecclesie,
1392 907 1485 947 ‘m‘

316 1061 373 1118 set
395 1046 439 1112 sic
462 1045 615 1131 scriptura
636 1067 723 1112 sacra
745 1049 784 1112 de
799 1047 902 1132 capite
917 1045 1056 1129 ecclesie,
1078 1048 1118 1111 de
1132 1045 1240 1111 anime
1253 1045 1321 1111 eius

342 1166 374 1217 et
395 1153 434 1216 de
455 1150 524 1215 aliis
546 1149 613 1215 eius
634 1151 784 1217 membris
806 1165 855 1216 est
869 1150 1034 1216 manifeste
1049 1150 1264 1237 impossibilis.
1280 1151 1322 1216 Et

341 1257 386 1321 sic
407 1255 530 1320 videtur
542 1256 629 1342 quod
644 1255 761 1321 habent
776 1255 880 1320 dicere
895 1255 1109 1320 communiter
1126 1256 1226 1341 quod,
1240 1253 1322 1321 sicut
1414 1275 1419 1284 ·

250 1358 254 1363 ’
341 1360 471 1427 ecclesia
492 1361 589 1426 nichil
603 1375 659 1441 est,
682 1359 726 1424 ita
743 1360 840 1425 nichil
862 1362 954 1442 valet,
977 1375 1009 1426 et
1023 1359 1069 1425 sic
1083 1360 1228 1426 Christus
1242 1359 1322 1426 loret
1345 1420 1346 1424 ,

342 1481 497 1531 mercator
518 1464 724 1531 stultissimus
755 1464 811 1551 qui
840 1465 968 1530 tradidit
995 1480 1096 1531 semet
1125 1465 1233 1551 ipsum
1261 1485 1322 1551 pro

303 1571 425 1637 indicta
445 1569 575 1635 ecclesia
596 1584 628 1635 et
649 1558 744 1634 nimis
765 1569 1106 1648 illuderetchristianis
1128 1571 1168 1635 de
1189 1591 1322 1656 sponsa·

340 1676 434 1758 libus,
456 1676 495 1739 de
517 1673 685 1759 privilegiis
708 1674 800 1738 etde
822 1673 981 1740 attributis
1003 1674 1144 1740 ecclesie.

384 1781 467 1846 Nam
488 1779 515 1843 si
544 1779 673 1844 ecclesia
710 1799 776 1842 non
792 1776 841 1843 vsit
863 1799 920 1843 ens
941 1779 991 1843 vel
1005 1780 1135 1866 aliquid,
1158 1795 1235 1846 tunc
1256 1801 1323 1846 non
1346 1787 1536 1891 lgtggtffhurpp

342 1900 389 1951 est
411 1905 522 1950 verum
545 1903 602 1947 nec
625 1884 758 1966 bonum,
782 1897 813 1948 et
836 1904 913 1949 cum
939 1885 1036 1949 nichil
1058 1885 1142 1950 valet
1168 1884 1229 1949 nisi
1248 1903 1421 1970 pro-esaan
1429 1855 1548 1955 binim

342 1988 565 2077 porcionaliter
591 2002 627 2053 ut
658 2002 705 2052 est
736 1989 871 2073 bonum,
902 1987 1046 2075 sequitur
1075 1990 1165 2075 quod
1196 1989 1325 2056 ecclesia

303 2095 440 2160 15nichil
461 2096 552 2160 valet.
575 2093 724 2180 Sequitur
746 2092 832 2157 enim
855 2094 1030 2159 secundum
1058 2095 1238 2160 rudimenta
1259 2094 1323 2161 dis·
1373 2153 1377 2160 .

342 2200 471 2286 cipline:
487 2200 667 2285 Utrumque
683 2199 820 2264 istorum
835 2212 883 2263 est
898 2199 1032 2284 bonum,
1042 2201 1230 2266 deducendo
1244 2201 1325 2267 duas

341 2305 544 2391 particulares
565 2303 720 2387 ecclesias,
754 2324 829 2389 ergo
857 2319 1031 2390 utrumque
1053 2304 1190 2371 istorum
1211 2320 1258 2371 est
1277 2325 1325 2370 res
1359 2299 1413 2360 'As
1441 2313 1508 2364 tseu

1335 2364 1395 2412 ebur
1438 2369 1551 2428 mybe

342 2410 457 2495 aliqua,
479 2424 511 2475 et
533 2410 577 2473 sic
599 2408 686 2473 mille
708 2430 757 2473 res
772 2407 879 2475 forent
893 2430 956 2474 una
978 2429 1027 2476 res
1050 2430 1123 2497 que,
1137 2411 1211 2477 licet
1224 2411 1324 2476 racio·
1341 2418 1544 2520 *tgfflnffia

343 2515 473 2598 cinctus,
509 2515 594 2580 vivat
629 2515 720 2596 bene,
743 2515 837 2597 male,
861 2535 1007 2581 exercens
1033 2530 1122 2581 actus
1155 2518 1325 2600 humanos,
1335 2522 1552 2634 ffliiiffi'

301 2643 334 2681 ιο
343 2621 520 2687 subiectans
535 2619 712 2684 accidencia
725 2620 813 2685 velut
828 2620 1018 2704 substancia,
1034 2635 1141 2685 tamen
1157 2622 1254 2686 nichil
1268 2637 1324 2688 est
1334 2627 1421 2727 '3¹⁶3
1434 2627 1463 2675 ἰ·
1476 2631 1543 2689 spus

343 2728 436 2793 Unde
459 2726 553 2791 habet
573 2740 678 2811 partes
700 2739 732 2790 et
753 2740 801 2791 est
823 2725 898 2790 satis
920 2726 1087 2809 sensibilis,
1109 2727 1272 2793 divisibilis
1294 2680 1552 2846 ‘tfflssffi

342 2832 387 2898 sic
410 2834 449 2897 de
471 2831 539 2896 aliis
561 2831 890 2915 denominacionibus,
922 2834 977 2897 sed
1004 2834 1132 2898 nullum
1158 2846 1206 2898 est
1232 2848 1328 2919 caput

342 2938 392 3002 vel
414 2937 595 3002 membrum
617 2937 695 3021 eius,
727 2957 784 3001 nec
815 2937 936 3024 aliquid
962 2952 1009 3003 est
1040 2938 1132 3020 intra,
1161 2954 1247 3005 extra
1276 2941 1328 3004 vel

342 3065 414 3128 pars
438 3042 576 3125 ecclesie,
591 3063 667 3107 cum
682 3062 849 3128 nunquam
860 3042 989 3129 incepit,
1000 3042 1113 3128 incipit
1128 3042 1179 3108 vel
1194 3042 1325 3109 desinet.

300 3152 331 3205 25
343 3148 385 3212 Et
407 3148 450 3212 sic
472 3149 591 3212 nedum
613 3149 730 3213 domus
751 3147 928 3212 materiales
946 3161 1024 3212 ‘non
1052 3148 1227 3213 manebunt
1252 3162 1328 3233 post
1346 3204 1348 3208 Α

342 3253 540 3318 ablacionem
562 3252 695 3317 minime
722 3253 820 3337 partis
847 3252 1017 3318 materialis
1048 3274 1106 3339 per
1136 3274 1248 3318 auram
1276 3254 1326 3317 vel
1369 3255 1404 3316 ⁸7
1417 3257 1516 3322 *ΨΜ

1349 3321 1482 3371 ηιιοιιας
1494 3325 1534 3359 ve

342 3379 443 3439 avem,
481 3372 513 3423 et
548 3358 593 3423 sic
628 3372 789 3443 oporteret
820 3358 922 3422 indies
953 3358 992 3434 de
1024 3379 1111 3423 novo
1145 3379 1326 3424 consecrare
1354 3362 1554 3463 ,mfflg'ff‘

342 3464 497 3546 ecclesias,
519 3465 576 3527 sed
598 3477 629 3528 et
644 3462 902 3544 communitates,
919 3478 953 3529 ut
968 3463 1326 3547 conventus-abbathie,
1334 3468 1552 3567 dmm·

342 3582 437 3652 atque
458 3567 569 3651 religio
592 3566 759 3632 deficerent
781 3568 934 3632 continue
965 3582 996 3633 et
1024 3568 1259 3651 innovarentur,
1290 3582 1326 3633 ut
1335 3570 1467 3682 ²3:¹2&
1479 3574 1552 3671 2¹⁸0·

299 3675 333 3728 ³0
342 3673 453 3758 quevis
479 3693 614 3757 persona
644 3674 683 3736 de
710 3672 824 3737 talibus
856 3671 972 3756 deficit,
1001 3673 1052 3737 vel
1084 3672 1327 3760 quomodolibet
1496 3637 1552 3688 ⁸¹5·

342 3778 521 3862 innovatur,
559 3793 590 3843 et
615 3778 730 3864 periret
767 3777 989 3864 appropriacio
1023 3777 1259 3863 temporalium,
1286 3799 1326 3844 oo

342 3883 431 3967 quod
454 3904 518 3948 non
546 3898 722 3969 superesset
754 3883 928 3968 collegium
958 3882 1009 3948 cui
1032 3882 1219 3969 temporalia
1250 3895 1326 3949 sunt

343 3986 470 4056 donata.
492 3989 567 4054 Non
590 3989 676 4054 enim
698 3989 765 4054 iure
787 3987 976 4055 hereditario
999 3989 1115 4054 carnali
1143 3991 1199 4056 sed
1220 3989 1325 4054 insite·

382 4293 399 4327 ι.
419 4281 492 4338 Mn
506 4280 602 4340 qnidam
615 4281 710 4329 diceret.
787 4280 808 4328 5.
822 4281 849 4328 ln
864 4280 943 4327 eodds
957 4279 1157 4340 scripturaram
1218 4281 1325 4330 ranis

341 4361 432 4407 maras
459 4350 580 4397 Oblecclo.
683 4362 717 4397 aa.
731 4349 762 4396 Bt
789 4350 831 4397 sed
846 4349 920 4397 deest.
1031 4348 1065 4399 sl.
1079 4362 1115 4407 aa„
1130 4349 1161 4397 br
1188 4351 1224 4398 vel
1238 4359 1325 4409 partes·

250 4485 262 4504 ·
341 4430 379 4476 ²⁴·
394 4418 427 4467 Bs
441 4421 477 4467 tel
492 4419 586 4467 detinet.
667 4432 705 4479 ²9·
719 4418 750 4466 bs
763 4419 956 4468 lanovearuntnr.
