3262 5226
196 586 267 633 car.
288 568 362 663 riu]
583 586 630 639 DE
647 585 822 640 ecclesia

87 764 115 819 D
130 763 189 818 168·
199 749 241 811 Et
275 747 338 812 hoc
370 760 417 810 est
447 759 562 809 notum
599 740 846 829 intelligentibus
877 753 1001 805 textum
1033 740 1184 825 Apostoli

198 851 337 936 Philipp.
354 852 422 931 1110,
439 849 469 932 3,
484 863 517 913 et
531 849 600 914 Gal.
615 848 685 931 vlo,
706 856 769 930 14⁰,
788 844 940 909 dicentis:
955 845 1060 909 Micbi
1074 856 1184 910 autem

199 957 284 1020 absit
304 955 447 1041 gloriari
470 955 532 1017 nisi
553 956 586 1017 in
610 971 706 1017 cruce
727 951 852 1016 domini
871 948 950 1015 lesu
975 949 1111 1016 Christi.

132 1079 190 1132 132
244 1059 337 1140 Item,
360 1079 397 1121 ex
412 1072 560 1142 precepto
575 1056 634 1120 Dei
649 1072 679 1121 et
694 1056 762 1120 eius
777 1053 978 1119 successione
996 1052 1186 1119 hereditaria

175 1163 256 1232 stitit
288 1161 429 1247 adoptivi
462 1181 528 1224 non
557 1176 681 1226 tenetur
712 1161 802 1225 heres
833 1158 1020 1224 continuare
1052 1158 1185 1245 aliquod
1237 1184 1241 1191 ·

132 1267 327 1339 ‚narbonum
359 1265 550 1349 opus*nisi
588 1286 625 1329 ex
660 1265 757 1329 libera
788 1264 975 1347 voluntate3·
1002 1262 1059 1328 sod
1086 1261 1185 1346 Deus,

200 1385 291 1456 pater
320 1368 443 1433 heredis
464 1370 537 1454 plus
566 1369 685 1451 obligat
707 1390 804 1455 quam
827 1383 918 1453 pater
938 1387 1017 1432 suus
1039 1366 1184 1450 carnalis,
1271 1367 1274 1373 ’

201 1495 278 1558 ergo
311 1474 415 1537 multo
437 1473 537 1557 magis
560 1494 596 1536 ex
618 1473 813 1558 obligatione
836 1471 934 1558 patris
956 1469 1090 1536 carnalis
1118 1491 1185 1535 non

202 1593 327 1643 tenetur
348 1578 393 1641 sic
415 1577 513 1641 lacere
537 1578 596 1641 nisi
620 1599 657 1641 ex
678 1579 776 1642 libera
796 1578 970 1642 voluntate.
987 1578 1075 1641 Deus
1097 1574 1185 1639 enirn
1215 1594 1272 1643 cot
1286 1594 1391 1642 mosim

161 1683 312 1769 reposuit
343 1681 508 1747 hominem
531 1681 563 1745 in
585 1695 672 1747 tanta
694 1682 845 1764 libertate,
877 1683 965 1767 quod
988 1701 1056 1744 non
1078 1693 1185 1766 potest
1193 1648 1232 1747 “iis
1253 1647 1413 1748 ”ioffi'

202 1787 261 1849 sibi
284 1786 457 1871 quicquam
478 1786 621 1850 absolute
643 1786 801 1871 precipere
824 1785 884 1849 nisi
907 1786 1117 1869 meritorium,
1154 1799 1186 1851 et
1237 1751 1289 1800 ‘¹⁰⁸
1302 1752 1363 1798 ’Μ

202 1912 260 1975 per
297 1911 493 1975 consequens
523 1890 642 1955 adiecta
680 1890 875 1971 condicione,
913 1904 949 1955 ut
978 1890 1077 1955 libere
1107 1890 1187 1955 illud
1275 1961 1278 1965 ,

203 1994 354 2080 perficiat.
378 1996 470 2061 Unde
486 1994 681 2079 Augustinus
696 2015 790 2080 super
804 1995 969 2061 Psalmum
981 1995 1186 2061 exuunt-2

203 2100 241 2163 In
265 2111 332 2176 tuo,
356 2099 468 2184 inquit,
487 2101 621 2164 arbitrio
636 2101 726 2165 Deus
739 2112 771 2164 te
786 2119 857 2165 esse
880 2101 990 2182 voluit,
1012 2100 1067 2163 cui
1082 2118 1188 2184 pares
1264 2174 1268 2179 ,

164 2222 193 2274 15
203 2205 323 2285 locum,
339 2205 411 2268 Deo
425 2214 482 2266 aut
497 2205 639 2287 diabolo,
649 2224 721 2269 curn
733 2206 922 2289 paraveris,
937 2205 995 2290 qui
1002 2205 1189 2289 possidebit

203 2310 273 2392 ipse
296 2309 475 2392 imperabit.
498 2310 560 2373 Sed
574 2308 654 2375 absit
676 2324 711 2374 ut
725 2310 837 2397 aliquis
860 2324 1001 2394 reportet
1022 2331 1075 2375 me
1098 2311 1296 2396 quoduam
1314 2332 1359 2372 sor
1377 2324 1411 2373 s·

203 2414 278 2476 dem
294 2413 492 2476 occasionem
516 2413 652 2478 dominis
674 2416 901 2501 temporalibus
921 2416 960 2478 ad
980 2415 1187 2500 spoliandum
1197 2377 1410 2478 „timidis

204 2532 348 2581 sanctam
378 2518 541 2582 ecclesiam
570 2520 620 2582 vel
642 2520 681 2581 ad
705 2520 960 2584 continuandum
994 2519 1186 2583 elemosinas
1200 2481 1403 2591 iiiiii“2i‘a

205 2644 284 2708 quas
306 2624 521 2707 progenitores
543 2643 655 2687 eorum
677 2622 868 2709 inceperant,
896 2645 971 2689 cum
992 2646 1032 2689 ex
1055 2593 1220 2689 conclu·¹⁰
1237 2587 1277 2632 m
1329 2586 1410 2643 m)

141 2728 295 2797 -sosione
330 2742 480 2812 sequatur
510 2726 681 2794 formaliter
710 2732 798 2814 quod
821 2744 969 2794 tenentur
994 2730 1187 2795 elemosinas

205 2834 282 2896 tales
316 2831 473 2916 perficere.
518 2834 583 2899 Scit
613 2834 698 2899 enim
728 2834 850 2919 logicus
883 2836 972 2920 quod
995 2835 1022 2900 si
1046 2855 1114 2900 non
1142 2835 1187 2900 sic

205 2937 414 3002 elemosinare
437 2938 495 3001 nisi
518 2938 612 3002 libere
636 2953 711 3004 tunc
732 2952 891 3022 tenentur,
914 2939 985 3025 quis
1007 2960 1111 3025 queso
1134 2960 1187 3005 ur·

204 3058 291 3123 geret
323 3039 429 3126 regern
455 3043 569 3125 Anglie
602 3044 769 3108 coaccione
792 3044 873 3108 civili
907 3045 1093 3110 continuare
1124 3046 1187 3109 ele·

204 3147 346 3211 mosinas
368 3147 463 3230 patris
484 3143 553 3211 sui?
579 3151 651 3213 Non
675 3170 726 3214 rex
741 3149 918 3234 preteritus,
940 3163 1010 3213 tum
1032 3149 1108 3235 quis
1132 3170 1190 3234 par

164 3251 238 3321 25in
262 3271 373 3336 parem
399 3272 464 3314 non
485 3252 580 3316 habet
601 3253 780 3338 imperium,
804 3268 873 3317 turn
896 3254 997 3318 eciam
1012 3254 1088 3341 quia
1111 3254 1189 3339 ipsis

205 3355 236 3417 in
260 3375 360 3441 regno
387 3356 696 3441 incompossibilibus
719 3372 766 3423 est
787 3359 922 3442 plenum
944 3358 993 3422 ius
1015 3360 1057 3423 ad
1079 3380 1189 3446 regem

205 3473 372 3542 posterum
404 3461 587 3542 densatum,
623 3481 681 3525 nec
718 3461 901 3547 imperatori
933 3464 1081 3548 pertinet,
1112 3485 1189 3529 cum

205 3582 341 3648 regnum
364 3579 510 3629 nostrum
533 3585 598 3629 non
621 3566 661 3630 sit
682 3566 816 3651 imperio
838 3568 884 3632 sic
907 3566 1123 3652 subiugatum.

184 3662 211 3725 ‘'.·
249 3668 298 3731 Ex
328 3668 446 3753 quibus
476 3669 617 3755 sequitur
646 3673 734 3757 quod
756 3692 820 3736 non
844 3672 979 3757 pertinet
1001 3674 1043 3737 ad
1070 3694 1190 3758 papam

165 3791 198 3844 30
207 3787 339 3858 propter
352 3774 581 3859 obligacionem
596 3777 676 3860 regis
690 3791 722 3841 et
735 3775 821 3861 regni
837 3776 976 3863 antiquis
989 3778 1190 3863 temporibus

245 4060 265 4093 s.
280 4048 383 4106 Philipp·
404 4047 430 4092 ln
442 4049 512 4094 codd.
533 4050 638 4107 sequitur
654 4051 744 4097 laeuas.
766 4052 868 4099 Addidit
882 4052 923 4111 lli,
945 4052 966 4101 3.
1073 4053 1106 4100 ro.
1127 4054 1151 4099 Α
1164 4052 1189 4100 is

207 4131 295 4175 marga
309 4118 641 4167 Notssoluclonemobtoctus.
700 4122 1006 4181 18.dircontinusndum(?>
1068 4135 1100 4169 st.
1114 4125 1189 4181 ΑΑ,Ι

206 4193 270 4247 quod
285 4189 306 4235 si
320 4201 368 4234 non
382 4197 494 4236 tenentur.
597 4201 631 4237 ss.
645 4189 677 4237 ri.
692 4192 722 4237 lis
736 4201 809 4251 urget.
831 4196 854 4239 Α
870 4194 895 4239 in
914 4206 1001 4251 marma
1020 4192 1077 4241 Non
1096 4200 1191 4241 senetur

207 4260 268 4306 tillus
281 4259 419 4305 continuare
438 4260 585 4307 dotaciooenr
598 4262 725 4309 elemosine
744 4264 815 4320 patris
832 4263 878 4310 sol.
983 4264 1019 4311 28.
1041 4265 1072 4311 us
1092 4263 1190 4312 nonsit

207 4327 353 4387 imperatori.
457 4341 494 4387 29.
506 4332 531 4377 Α
543 4331 568 4377 ln
581 4343 669 4391 marma
682 4331 817 4379 Conclusio.

210 4476 214 4481 Ι
253 4507 294 4561 ri.
311 4506 383 4577 Opp.
399 4518 464 4560 tom.
481 4506 525 4575 lv,
542 4522 571 4578 p.
588 4508 619 4578 ΙΙ,
634 4524 696 4580 pag.
715 4509 789 4581 1⁶73.
810 4554 813 4559 .
915 4548 943 4562 ..
