3262 5226
152 450 238 535 344
400 408 452 461 '⁵
707 400 1048 515 mensuravimus.
1219 434 1367 529 [cerev

175 634 277 685 unu·
290 634 360 683 ue
387 638 457 687 rem
476 617 623 701 ceritsna,
638 616 817 695 emundom
839 636 938 705 quem
959 612 1173 681 elemosinam
1194 612 1360 679 miseretur
1358 626 1442 700 ,176
1452 630 1480 685 ι,

190 744 221 799 ιι
156 688 411 893 unffi
387 738 420 791 et
437 720 668 811 perfectionem
685 720 915 789 eccidmtelem
934 740 999 809 que
1018 718 1141 807 cepitur
1154 738 1253 805 penes
1267 738 1368 805 quen·

305 804 509 897 vece’titetem
538 826 660 893 {metm
692 846 732 891 es
762 824 817 891 ille
845 825 1049 893 occasionem
1079 823 1245 911 posterius.
1298 824 1368 909 Ego

182 844 269 953 ’ὼ
175 948 298 997 ennius
386 946 493 999 autem
513 930 610 999 credo
630 928 722 1018 quod
751 928 839 997 eliud
868 944 918 996 est
946 950 1050 1017 genus
1078 927 1345 993 elemosinandi
1335 936 1381 991 ιιι

200 1000 344 1061 ’ω”ω
291 1000 603 1123 mpredmtinetis
625 1049 658 1100 et
678 1032 799 1099 eliud·
788 1054 823 1099 ιιι
838 1033 991 1121 prestitis.
1014 1034 1099 1099 Nam
1114 1046 1181 1098 tota
1196 1032 1394 1101 elemosinas

384 1160 483 1227 quam
505 1136 579 1205 iecit
600 1138 835 1225 predestinatus
856 1138 973 1205 limitet
992 1136 1053 1203 salii
1074 1138 1209 1223 gradum
1235 1135 1368 1200 beatitu-

385 1243 469 1311 dinis
495 1245 536 1309 ed
567 1262 666 1331 quem
695 1241 874 1329 percieliter
901 1240 1076 1329 proliciunt
1109 1240 1232 1327 singule
1268 1253 1370 1325 pestes

384 1347 464 1415 eius.
486 1346 671 1415 lemosina
691 1360 802 1414 autem
816 1345 923 1413 torulis
938 1342 1064 1433 presciti
1084 1344 1244 1411 concurrit
1258 1364 1369 1411 secun·

350 1542 354 1547 ¹
385 1454 465 1519 dum
483 1472 519 1519 se
539 1466 645 1519 totam
666 1453 709 1517 ad
730 1451 946 1538 mingendum
966 1472 1085 1540 penem
1107 1463 1304 1538 perpetuam.
1337 1449 1371 1514 Si

385 1556 508 1624 domini
521 1558 714 1645 temporales
736 1555 788 1641 (ιιι
804 1555 1002 1623 clemosineti
1022 1551 1203 1641 vendicent)
1226 1567 1372 1619 tenentur
1383 1587 1414 1625 ro

386 1660 571 1729 continuere
596 1660 786 1727 elemosiues
806 1674 937 1749 petrum
967 1664 1109 1749 quorum
1134 1671 1209 1725 sunt
1231 1658 1371 1742 heredes,

386 1782 464 1834 tunc
483 1780 631 1833 tenentur
651 1766 692 1831 ed
713 1786 811 1833 omne
831 1764 907 1831 inde
928 1786 1065 1853 sequens
1087 1762 1269 1848 formaliter,
1296 1763 1372 1850 quia
1564 1848 1569 1857 ·

387 1872 476 1938 aliter
494 1884 605 1937 contre
627 1870 873 1957 possibilitatem
891 1868 1127 1956 obligecionis·
1135 1869 1240 1935 divine
1269 1868 1372 1934 forent
1383 1888 1443 1954 ¹77⁸

387 1978 429 2042 ed
450 1974 691 2043 eonnedictorie
714 1973 857 2062 obligati,
878 1974 996 2041 scilicet
1019 1974 1061 2040 ad
1085 1971 1266 2039 laciendum
1288 1971 1372 2061 ipsas

388 2100 456 2147 esse
476 2077 666 2145 elemosinas
686 2092 719 2145 et
741 2079 783 2143 ed
803 2078 1041 2145 defendendum
1057 2098 1167 2144 earum
1181 2078 1318 2144 ebusum
1338 2079 1371 2144 in
1384 2093 1413 2148 ιι

388 2184 523 2267 (lincolie,
537 2183 717 2249 seeundum
727 2202 825 2271 quam
839 2182 1001 2249 racionem
1016 2197 1124 2249 carent
1138 2180 1239 2249 sonna
1254 2184 1372 2249 elemo-

388 2308 466 2354 sine.
493 2288 577 2375 Ergo
598 2306 670 2353 cum
693 2307 783 2374 reges
803 2287 920 2375 Anglie
942 2302 1091 2355 tenentur
1111 2308 1233 2354 seruere
1254 2288 1372 2354 elemo-

388 2393 473 2459 sines
493 2412 624 2458 morum
647 2392 889 2479 progenitorum
902 2392 935 2458 in
950 2392 1241 2481 suaperpetuitete,
1255 2406 1372 2459 tenen·

388 2510 441 2562 tur
464 2497 595 2582 insuper
618 2517 658 2562 ex
683 2498 754 2585 lege
780 2495 950 2584 spirituelie
977 2497 1150 2564 elemosine
1172 2518 1248 2562 suos
1274 2495 1374 2582 legion
1398 2493 1401 2499 ’

249 2652 252 2657 .
389 2601 548 2687 castigare,
570 2614 719 2668 tenentur
739 2601 838 2668 tercio
869 2622 907 2666 es
929 2600 1128 2688 obligecione
1144 2622 1208 2690 qua
1227 2615 1374 2668 tenentur
1383 2632 1416 2670 eo

391 2706 490 2771 lacere
510 2704 600 2793 legiis
621 2704 687 2771 suis
710 2704 870 2771 iusticiam
892 2719 925 2771 et
947 2706 1130 2828 extinguere
1157 2705 1285 2771 iniurias
1311 2726 1373 2793 que

389 2824 523 2897 vergunt
552 2808 817 2929 periculosissime
847 2812 889 2876 ed
915 2809 966 2875 sui
997 2810 1109 2898 populi
1136 2810 1375 2894 detrimentum3

391 2928 477 3002 patet
497 2916 586 3001 quod
607 2927 757 2980 tenentur
778 2913 809 2978 in
832 2935 908 2980 casu
930 2916 1016 2981 bont
1037 2936 1096 2981 sua
1119 2915 1247 2982 ecclesie
1269 2929 1375 2981 mncte

390 3019 550 3085 restituere
573 3033 605 3084 et
623 3039 643 3084 ι
657 3019 944 3104 comtemptorrbus
960 3018 1017 3083 Dei
1033 3019 1082 3084 sui
1098 3033 1130 3084 et
1144 3040 1229 3105 regns
1220 3016 1375 3084 auferre.

391 3127 464 3190 Hoc
499 3123 586 3188 enim
622 3122 682 3188 luit
718 3138 850 3208 pactum
887 3123 1064 3188 dotacionis
1101 3122 1250 3208 primeve.
1302 3123 1417 3194 ldeoss

392 3230 542 3294 audenter
562 3249 680 3312 assero,
703 3228 728 3293 si
752 3249 827 3294 cum
849 3228 916 3293 istis
938 3228 1068 3314 paribus
1090 3248 1143 3292 rex
1174 3240 1281 3292 noster
1310 3246 1376 3291 non

391 3333 486 3397 hebet
515 3346 705 3417 potestatem
734 3332 775 3396 nd
809 3332 989 3398 laciendum
1022 3331 1056 3396 in
1090 3332 1174 3397 cleto
1204 3353 1264 3397 suo
1295 3352 1377 3417 opus

393 3436 635 3501 misericorditer
649 3437 832 3521 castigandi,
849 3460 915 3503 non
930 3438 1026 3503 hebet
1040 3435 1268 3504 sufficienciam
1284 3458 1377 3522 super

393 3541 480 3606 totali
502 3559 602 3625 regno
624 3555 734 3605 nostro
756 3541 885 3625 politice
908 3542 1106 3625 dominandi,
1128 3562 1241 3629 ymmo
1256 3541 1281 3605 si
1297 3543 1376 3606 bene

393 3645 584 3711 attendimus
607 3646 648 3708 ad
669 3645 859 3729 scripturam
882 3667 1001 3712 sacram
1026 3660 1059 3711 et
1081 3645 1163 3711 dicte
1184 3647 1224 3710 de
1250 3646 1376 3732 privile·
1387 3660 1420 3714 30

393 3750 451 3834 giis
474 3748 611 3833 ecclesie,
633 3763 665 3814 et
686 3765 782 3816 sonat
796 3750 829 3814 in
843 3750 1044 3837 privilegium
1060 3750 1142 3836 regis
1165 3752 1251 3835 quod
1266 3749 1379 3815 habeat

395 3853 573 3940 potenciam
589 3854 692 3919 taliter
713 3854 843 3919 clericos
864 3853 1063 3939 cohercendi,
1086 3867 1118 3919 et
1139 3852 1240 3918 clerici
1262 3853 1378 3918 habent

435 4108 458 4155 8.
472 4109 502 4157 Βι
515 4106 689 4155 concussibilis.
769 4119 799 4154 ιι.
813 4107 878 4154 Ηιιι
892 4121 994 4167 sequens
1007 4108 1113 4156 formeri
1196 4119 1230 4164 ιι.
1244 4105 1275 4152 lis
1289 4105 1379 4154 scillcet

396 4179 470 4226 deese
572 4187 611 4236 sp.
624 4176 730 4236 politice.
744 4176 771 4223 lu
786 4177 861 4224 cedde
875 4177 984 4236 poletlce.

439 4369 540 4425 iit-32.
558 4370 616 4424 lius
632 4370 650 4424 1.
668 4385 692 4423 ι.
