3262 5226
129 500 143 565 5
624 513 795 568 sortiturus
813 513 961 567 wtcttr.
1129 490 1213 584 [cur.
1226 507 1290 558 xrs.

129 701 159 735 n·
172 687 269 735 nemu.
297 669 346 734 vie
383 668 542 735 officiariis
579 671 690 754 sponsi
727 683 918 756 competere.
967 670 1030 734 Sed
1068 668 1288 733 sacerdocium
1302 683 1402 754 ,90⁸1>

295 774 509 840 videturesse
532 789 688 858 eternum,
710 795 786 839 curn
800 773 883 839 beati
907 773 986 839 dant
1008 789 1039 838 et
1061 774 1180 838 docent
1202 792 1290 836 sacra

295 879 508 943 illuminando
530 899 607 943 suos
629 879 735 944 socios
749 879 783 942 in
799 892 956 961 eternum,
973 894 1005 942 et
1023 880 1064 942 ad
1079 878 1160 941 illud
1183 890 1289 962 potest

295 983 445 1068 applicari
468 984 547 1047 illud
579 989 682 1067 Apoc.
714 985 754 1065 1⁰,
786 984 822 1048 6:
857 982 978 1048 Fecisti
999 1002 1057 1047 uos
1081 983 1153 1045 Deo
1177 991 1288 1045 nostro

294 1108 435 1173 regnum
465 1098 497 1152 et
525 1087 727 1167 sacerdotem
750 1100 781 1152 et
808 1073 859 1150 ¹sic
881 1086 1086 1171 predestinati
1115 1085 1171 1170 qui
1195 1085 1313 1169 dignes

295 1206 426 1275 presunt
449 1190 596 1256 subiectis
623 1191 770 1256 videntur
792 1191 872 1254 mihi
896 1211 962 1254 esse
979 1190 1072 1254 eisin
1094 1189 1289 1253 beatitudine

295 1295 483 1380 preferendi,
515 1310 548 1359 et
578 1295 622 1360 sic
648 1295 681 1358 in
704 1295 812 1360 celesti
834 1294 986 1360 ierarchia
1009 1293 1053 1357 eis
1076 1294 1109 1356 in
1133 1307 1289 1378 perpetuo

296 1399 476 1465 sacerdocio
509 1413 585 1464 sunt
615 1399 738 1484 prelati,
770 1414 807 1464 ut
839 1399 945 1464 innuit
972 1399 1082 1463 beatus
1106 1397 1289 1482 Gregorius,

296 1502 421 1568 Omelia
458 1504 561 1567 XVll·
605 1524 701 1588 super
737 1503 794 1568 illo
832 1504 918 1568 Luce
954 1505 1012 1584 X0,
1056 1518 1085 1567 1:
1127 1504 1202 1566 Post
1233 1504 1325 1572 heca:

294 1607 474 1692 designavit
496 1607 645 1671 dontinus
666 1609 750 1673 alios
771 1609 990 1693 septuaginta,
1014 1622 1045 1671 et
1068 1607 1333 1676 Crisostomus10

295 1711 482 1795 expressius,
538 1710 665 1776 Omelia
715 1713 862 1777 xxxiv·
914 1711 1030 1796 Operis
1091 1710 1289 1794 lmperlecti:

296 1818 426 1892 Melior,
462 1816 576 1901 inquit,
607 1826 656 1881 est
683 1817 785 1881 laicus
812 1817 869 1901 qui
895 1817 927 1879 in
953 1817 1066 1901 prima
1087 1815 1184 1901 jacie
1210 1833 1289 1899 pro·

294 1920 404 1993 fitetur
421 1921 517 1985 vitam
538 1921 720 1984 secularem
744 1920 804 1985 sed
821 1920 926 1985 studet
949 1922 1165 2004 spiritualem,
1192 1940 1289 2003 quam

294 2025 448 2090 sacerdos
465 2025 623 2109 profitou
646 2026 743 2088 uitam
771 2026 975 2108 spiritualem
1004 2024 1062 2088 sed
1083 2024 1291 2107 amplectitur

295 2130 390 2193 vitant
403 2130 583 2207 carnalem,
593 2139 624 2194 et
639 2130 811 2193 meliorest
822 2131 924 2193 laicus
934 2140 1011 2192 ante
1021 2130 1128 2192 Deum
1141 2130 1288 2212 peniteu·
1303 2145 1332 2198 ι5

295 2235 377 2298 ciant
387 2254 489 2319 agens
501 2253 599 2317 quant
610 2234 746 2298 clericus
756 2253 955 2318 permanens
966 2234 1158 2316 inpeccatis.
1171 2226 1289 2296 L'aicus

295 2339 379 2401 eninr
402 2339 435 2400 in
458 2337 508 2401 die
530 2337 639 2401 iudicii
661 2339 792 2412 stolam,
802 2337 1035 2401 sacerdotalem
1051 2338 1196 2420 accipiet,
1213 2336 1289 2399 dum

297 2444 397 2506 eciam
430 2443 582 2507 crismate
603 2462 713 2507 omnes
740 2443 788 2506 sic
812 2453 1002 2527 unguentur
1027 2443 1060 2505 in
1086 2441 1292 2518 sacerdocio,·

297 2547 448 2612 sacerdos
470 2557 578 2610 autem
596 2557 749 2631 peccator
761 2547 924 2631 spoliatur
937 2545 1115 2610 sacerdocii
1134 2545 1292 2630 dignitate

298 2672 395 2735 quarn
418 2652 546 2731 lrabuit;
573 2666 604 2715 et
626 2666 702 2715 tunc
725 2651 783 2715 erit
805 2654 886 2714 inter
907 2648 1050 2714 infideles
1072 2664 1105 2715 et
1132 2649 1291 2735 ypocritas
1301 2681 1335 2717 to

136 2784 177 2830 a„
195 2783 289 2830 storea
300 2757 350 2843 (ut
376 2756 452 2820 dicit
473 2755 587 2820 ueritas
609 2755 741 2819 Muttbei
772 2755 901 2836 XXlV⁰,
935 2751 1003 2840 51).
1035 2753 1159 2819 Omnes
1191 2752 1291 2816 eciam

144 2837 382 2934 be1¹.'¹'.⁸1ll¹⁸'beati
407 2874 498 2925 erunt
520 2859 657 2945 virgines
677 2859 881 2944 spiritualiter
903 2860 953 2943 (ut
976 2873 1063 2943 putet
1080 2856 1292 2942 Apocalypsis

138 2949 232 2998 Μ’·
298 2965 396 3046 xtv0,
419 2961 464 3050 4).
497 2965 539 3028 Et
562 2984 676 3028 omnes
707 2978 800 3027 erunt
821 2979 976 3048 martyres
998 2963 1098 3026 modo
1123 2982 1193 3042 suo,
1217 2982 1291 3024 cum

299 3070 383 3133 Luce
400 3070 498 3151 XlV0,
516 3089 567 3154 27,
589 3068 722 3131 dicitur:
741 3069 807 3144 Qui
822 3089 884 3131 uon
901 3068 1024 3131 baiulat
1043 3086 1172 3129 crucem
1195 3086 1289 3129 suam

298 3184 328 3237 et
359 3175 443 3237 vertit
469 3184 544 3257 post
572 3195 633 3252 me,
668 3193 730 3235 raon
757 3184 864 3257 potest
892 3194 982 3236 turcus
1005 3192 1076 3236 esse
1101 3171 1333 3255 discipulus.25

299 3277 422 3340 Omnes
438 3275 599 3360 (inquam)
611 3291 704 3340 erunt
719 3279 896 3340 sacerdotes
912 3276 943 3338 in
961 3276 1071 3360 patria,
1088 3277 1163 3360 quia
1179 3278 1290 3338 dantes

299 3402 384 3444 sacra
408 3380 611 3444 beatitudinis
633 3381 838 3444 accidentalia
860 3381 1032 3445 conbeatis.
1055 3381 1096 3443 Et
1119 3380 1193 3442 hinc
1209 3379 1290 3442 Abel

233 3558 236 3563 Ι
298 3505 316 3546 a
339 3506 405 3569 quo
421 3485 504 3567 cepit
519 3486 659 3548 humana
680 3484 810 3548 ecclesia
826 3485 858 3546 in
874 3484 1050 3568 triumpho,
1068 3483 1128 3546 luit
1143 3503 1290 3568 expresse

298 3590 398 3674 virgo,
423 3590 531 3654 martir
552 3605 583 3653 et
610 3593 768 3671 sacerdos,
791 3606 827 3655 ut
850 3604 939 3652 notat
962 3588 1163 3673 Augustinus
1186 3591 1218 3652 in
1243 3590 1290 3651 De

340 3910 357 3944 t.
371 3899 403 3944 B:
418 3899 581 3945 sacerdocium
597 3908 709 3946 restrum.
815 3913 839 3954 4.
853 3900 876 3944 A
891 3899 915 3943 in
926 3910 1016 3954 marga
1030 3897 1138 3952 Quilibet
1151 3905 1288 3942 sannorum

299 3968 323 4014 ln
338 3971 413 4026 patris
427 3970 471 4014 erit
484 3970 604 4015 sacerdos.
709 3972 729 4013 t„
749 3970 772 4014 A
786 3970 810 4014 ln
825 3980 914 4024 merge
932 3967 1073 4023 Gregorius.
1179 3979 1216 4012 to.
1231 3969 1251 4011 A
1266 3967 1291 4011 iu

209 4046 212 4051 ’
300 4050 389 4092 murga
411 4036 584 4084 crisostomus.
691 4050 721 4084 ts.
735 4038 767 4082 B:
784 4038 858 4084 lslels.
965 4035 995 4082 n.
1014 4038 1037 4083 A
1050 4037 1075 4082 lu
1090 4048 1182 4091 marga
1198 4036 1291 4093 Lrycns

296 4109 382 4154 melior
395 4120 468 4166 quem
482 4109 603 4155 sacerdos.
709 4119 745 4164 ²9·
759 4108 782 4153 A
796 4109 821 4152 ln
837 4119 924 4163 murga
942 4107 1102 4163 Augustinus.

348 4354 385 4390 tt.
404 4338 482 4406 Opus
499 4338 686 4407 Imperfectum
705 4339 723 4392 l.
741 4353 764 4392 c.
783 4354 843 4408 pag.
863 4337 967 4390 CXLV.
1078 4351 1121 4406 ²9·
1140 4338 1208 4403 Aug.
1220 4335 1291 4402 Opp.

300 4438 365 4477 tom.
384 4425 427 4489 111,
446 4427 514 4494 App.
532 4440 593 4494 pag.
611 4424 636 4478 5.
1176 4461 1181 4469 .
