3262 5226
206 644 350 745 caena]
392 724 397 733 ,
600 668 647 722 oe
665 665 847 723 accessis„
1353 656 1422 738 259

95 826 285 913 rrus⁸luga
313 828 375 892 alia
415 826 483 893 tolli
515 826 607 890 debet
639 839 798 890 statutum
828 839 884 889 aut
914 823 1115 911 privilegium
1148 824 1198 890 vel
1233 839 1401 901 sponsos

207 932 371 1017 suspendi,
403 952 460 995 nec
483 930 571 993 lullat
597 929 715 994 inscios
740 928 924 1013 ignomncia
946 928 1029 993 illius
1061 928 1199 993 veritatis
1219 890 1410 1041 wli&

206 1056 304 1123 quam
320 1035 491 1100 Anselmus
510 1033 646 1098 declarat
660 1032 779 1119 primo,
797 1033 863 1098 Cur
877 1034 958 1099 deus
972 1034 1200 1116 ltomo,XXl⁰‚
1240 1006 1327 1053 ’Μ
1381 1027 1404 1050 ’“

208 1141 298 1225 quod
331 1161 390 1205 nec
421 1151 553 1223 propter
573 1138 788 1203 salvacionem
813 1138 917 1204 tocius
941 1138 1054 1203 mundi
1076 1138 1127 1202 vel
1150 1138 1200 1202 in·

181 1242 383 1325 sfinitomm,
413 1244 439 1307 si
473 1242 600 1325 luerint,
634 1264 703 1307 non
727 1243 822 1307 debet
844 1242 1200 1336 conrmittiupeccatum
1280 1228 1284 1235 ¹

206 1348 337 1434 aliquod
360 1348 460 1412 eciam
483 1348 615 1431 veniale,
638 1348 714 1433 quin
738 1362 816 1412 tunc
838 1363 1005 1431 peccatum
1029 1360 1112 1412 esset
1132 1368 1200 1411 non

206 1466 383 1537 peccatum,
414 1473 488 1517 cum
522 1472 586 1517 non
619 1451 661 1516 sit
692 1452 843 1536 possibile
866 1467 903 1517 ut
924 1452 997 1538 quis
1025 1467 1134 1538 peccet
1167 1453 1200 1516 in

206 1572 364 1642 quantum
397 1556 469 1621 lacit
500 1570 536 1620 ut
569 1556 674 1637 debet,
697 1555 774 1640 quia
797 1571 874 1621 tunc
897 1557 990 1621 debet
1012 1578 1142 1641 peccare
1168 1570 1202 1622 et

207 1661 307 1745 prima
348 1661 471 1725 iusticia
510 1660 607 1744 exigit
650 1674 687 1724 ut
729 1659 775 1724 sic
815 1675 935 1745 peccet.
980 1662 1044 1726 Sed
1093 1683 1202 1727 revers

167 1799 197 1836 ιο
207 1766 331 1832 iusticia
353 1767 548 1851 dispensaret
565 1765 597 1827 in
613 1785 690 1829 casu
710 1763 910 1846 huiusmodi,
933 1780 970 1830 ut
991 1788 1059 1831 non
1080 1781 1200 1853 peccet.

206 1870 345 1957 Oportet
368 1892 443 1955 ergo
465 1870 629 1955 privilegia
662 1869 848 1934 huiusmodi
877 1870 992 1934 habere
1014 1871 1202 1958 interpretes

205 1979 246 2039 nd
277 1976 522 2040 discernendum
544 1973 771 2039 condicionem
794 1996 857 2061 que
885 1975 977 2039 debet
1007 1975 1201 2061 subintelligi

205 2080 238 2143 in
261 2081 314 2144 tali
337 2079 513 2165 privilegio,
529 2094 565 2143 ut
580 2080 604 2142 si
623 2079 697 2164 quis
720 2080 894 2164 proditorie
914 2078 1064 2144 occiderit
1082 2100 1200 2165 regern,

206 2185 332 2248 notorie
367 2185 498 2248 molitus
521 2183 615 2248 suerit
639 2184 726 2268 regni
750 2183 984 2266 proditionem,
1012 2184 1062 2247 vel
1084 2204 1200 2268 corpo·

167 2288 310 2356 israliter
331 2304 387 2353 aut
410 2290 612 2374 spiritualiter
634 2288 890 2371 superinduxerit
911 2289 1007 2353 simul
1027 2289 1077 2353 vel
1093 2289 1201 2375 paula·

206 2392 270 2455 tive
301 2395 551 2479 depopulatores
583 2394 681 2478 regni,
713 2392 874 2476 refugium
905 2394 1034 2458 ecclesie
1062 2414 1128 2458 non
1159 2394 1201 2457 ad
1248 2396 1252 2402 '

207 2497 308 2561 illum.

169 2618 199 2671 α
251 2602 343 2665 Unde
359 2605 569 2667 recoleremus
579 2615 735 2665 statutum
746 2601 923 2666 nefandum
936 2603 1076 2667 Danielis
1087 2604 1430 2707 Vl⁰,7,l=,:2·fflgb·

209 2705 394 2771 ubidicitur
413 2723 552 2793 satrapas
571 2708 771 2771 consuluisse
792 2708 900 2790 Dario,
924 2722 960 2772 ut
983 2709 1203 2793 extinguerent
1268 2712 1366 2759 ⁰⁸⁶⁸*
1392 2676 1411 2723 ³

166 2844 197 2880 20
209 2811 384 2896 Danielem,
398 2812 486 2896 quod
499 2812 604 2875 omnis
618 2814 676 2895 qui
685 2813 847 2894 peciverit
858 2815 1003 2895 aliquam
1009 2814 1202 2896 peticionem

208 2933 229 2975 o
253 2935 442 3000 quocunque
473 2916 545 2980 Deo
567 2926 599 2979 ct
620 2915 750 2980 homine
783 2937 885 3000 usque
908 2916 952 2980 od
974 2918 1111 3002 triginta
1133 2916 1204 2982 dies

208 3020 274 3082 nisi
305 3039 326 3082 a
359 3039 438 3105 rege
459 3021 568 3084 Dorio
599 3022 750 3084 mittatur
782 3028 816 3085 r’n
847 3023 955 3085 lacum
979 3024 1124 3100 leonum,
1145 3020 1203 3084 sed
1267 3006 1273 3015 ⁸

209 3138 383 3209 postquem
405 3139 605 3208 compertum
629 3139 677 3188 est
693 3126 859 3189 Danielem
882 3126 982 3190 tribus
1004 3126 1203 3211 temporibus
1282 3110 1286 3118 ¹

208 3226 241 3290 in
273 3229 323 3291 die
356 3230 486 3292 adorare
520 3229 699 3293 Dominum
737 3251 847 3293 versus
876 3231 1059 3313 Jerusalem,
1086 3229 1203 3294 sinistri

167 3352 198 3403 25
209 3331 393 3415 interpretes
428 3353 534 3415 regern
568 3334 769 3414 seduxerant,
809 3347 845 3397 ut
874 3334 985 3399 Daniel
1026 3334 1059 3397 in
1096 3334 1203 3399 lacum

209 3436 340 3500 leonum
372 3437 565 3518 mitteretur;
596 3440 652 3500 sed
684 3438 834 3521 iniquum
866 3439 1022 3503 iudicium
1058 3438 1205 3524 probavit

209 3553 341 3604 eventus
357 3541 511 3606 miraculi.
531 3543 571 3605 Et
587 3541 713 3605 utinam
729 3556 854 3626 satrape
864 3542 964 3606 nostri
975 3564 1040 3607 non
1051 3544 1204 3607 seducant

209 3643 368 3728 principes
391 3666 429 3708 ex
452 3646 563 3709 insana
578 3645 845 3729 interpretacione
868 3647 983 3711 decreti
1008 3647 1093 3731 regii.
1118 3648 1202 3711 Narn

208 3746 258 3809 vel
273 3763 321 3810 est
336 3751 558 3835 quodcunque
574 3749 638 3813 tale
655 3750 821 3812 decretum
840 3751 997 3834 illicitum,
1011 3753 1061 3814 vel
1077 3763 1205 3835 oportet

166 3868 199 3920 30
210 3852 298 3934 quod
329 3853 434 3917 solum
458 3854 653 3958 intelligatur
684 3853 716 3957 in
749 3854 821 3937 ipso
854 3857 942 3939 quod
975 3855 1095 3920 nullius
1121 3855 1205 3940 sapit

250 4139 270 4186 ³.
285 4144 306 4187 Α
320 4141 343 4187 ln
360 4153 446 4199 marg:
465 4144 602 4188 Anselmns.
624 4144 750 4199 l’rirllegia
764 4143 898 4201 principum
916 4151 969 4189 sunt
984 4145 1112 4200 prudenter
1131 4145 1204 4192 laser·

210 4211 323 4269 pretends
346 4212 438 4265 (Abone
453 4211 504 4256 1⁶5⁸
527 4212 626 4257 without
642 4213 753 4258 markos
767 4215 906 4270 reference).
1013 4212 1032 4258 Ξ
1056 4213 1134 4271 primo
1151 4215 1205 4260 scll.

209 4280 280 4326 libro.
372 4281 394 4325 8.
409 4280 440 4324 B:
456 4282 586 4327 necdelset.
681 4283 703 4327 8.
718 4283 750 4328 D:
766 4294 813 4327 non
828 4282 903 4328 denec
997 4284 1035 4328 so.
1050 4284 1080 4328 Ds
1095 4283 1205 4340 probent.

210 4348 247 4398 ²8.
260 4349 292 4396 lis
305 4349 407 4395 lnssnla.

256 4579 280 4632 3.
297 4579 417 4631 Aoselmi
435 4579 507 4648 Opp.
523 4596 585 4650 ρας.
603 4580 717 4650 84-85.
811 4534 814 4539 Ι
