3262 5226
483 639 655 693 sonamus
673 640 825 694 wrcutr.
988 616 1155 710 [crem.

158 799 254 881 tingit
276 797 361 863 enim
384 796 564 883 specialiter
589 796 635 862 sic
658 816 784 862 sumere
806 800 930 861 bonum
958 810 990 861 et
1021 799 1216 866 malum200·
1233 812 1259 866 ο

157 905 246 990 quod
282 902 346 967 sint
379 901 440 965 sibi
473 900 549 984 ipsis
588 901 748 966 contraria
779 900 1063 986 incompossibilia,
1109 915 1145 964 ut

156 1008 302 1095 loquitur
327 1005 485 1091 propbeta
508 1005 589 1070 lsaie
610 1007 655 1070 V⁰
677 1026 758 1091 cap,
792 1023 847 1072 ao:
885 1007 928 1071 Ve
955 1005 1011 1092 qui
1036 1005 1146 1070 dicunt

157 1114 275 1178 burrum
299 1112 421 1176 malum
441 1119 471 1174 et
486 1111 609 1174 malum
633 1093 761 1176 bonum.
784 1112 832 1176 llli
849 1112 935 1175 enim
958 1111 1014 1196 qui
1035 1110 1147 1174 dicunt

159 1217 300 1283 infacto
322 1215 500 1280 bonitatem
525 1216 680 1281 moralem
712 1237 780 1281 esse
807 1215 967 1281 maliciam
993 1215 1171 1284 viciosam5

160 1322 291 1388 suntin
315 1321 367 1385 illa
391 1312 621 1385 malediccione
642 1321 840 1405 prophetica.

109 1443 149 1489 uta
204 1429 296 1507 item,
324 1424 505 1490 Hostiensis
531 1425 624 1508 infra,
641 1427 689 1489 De
712 1427 981 1509 Remissionibus,
1004 1426 1145 1510 capitulo

109 1531 287 1646 1κριιίῠιιε
303 1540 457 1616 prosunt,
478 1529 615 1616 loquens
634 1532 675 1596 de
690 1530 900 1616 indulgentiis
920 1531 1146 1616 episcoporum

109 1601 136 1711 ’7,
122 1612 238 1702 ”dicit
260 1636 349 1720 quod
372 1632 513 1701 mortuis¹
535 1637 568 1700 in
592 1637 780 1721 purgatorio
802 1636 933 1702 caritate
949 1636 1144 1702 continuatis

109 3133 124 3162 ll

160 1741 288 1825 corpori
313 1739 434 1805 Christi
457 1755 597 1824 prosunt
619 1742 660 1804 ad
677 1741 828 1827 suffragia
844 1742 959 1807 merita
975 1741 1143 1807 militantis
1157 1770 1189 1807 ιο

160 1846 301 1927 ecclesie,
328 1845 385 1910 sed
424 1865 490 1912 non
526 1848 706 1911 secundum
746 1847 908 1911 racionem
946 1846 1144 1911 absolvendi.

160 1952 317 2028 Potestas,
349 1951 467 2035 inquit,
497 1950 636 2015 clavium
665 1971 729 2016 non
755 1951 849 2016 lrabet
875 1950 922 2016 ibi
945 1953 1064 2031 locum,
1091 1971 1148 2016 nec

160 2054 264 2120 obstat
300 2055 386 2140 quod
421 2056 553 2120 ecclesia
586 2066 664 2140 post
700 2068 832 2122 mortem
871 2057 954 2142 ligat
989 2066 1022 2121 et
1055 2057 1167 2121 solvit

160 2159 290 2238 XXlV¹,
311 2160 411 2245 q.11·.
436 2160 530 2225 Sane.
547 2161 632 2224 Nam
656 2160 700 2225 ibi
723 2159 760 2226 fit
782 2161 948 2226 absolucio
970 2163 1010 2225 ad
1033 2181 1147 2227 conso·

161 2265 317 2331 lacionem
340 2263 489 2328 virorum
505 2263 650 2328 fidelium
667 2281 698 2332 et
715 2266 939 2330 confusionem
954 2265 1144 2348 infidelium,
1159 2276 1189 2329 15

162 2385 194 2434 et
217 2370 260 2434 ut'
276 2369 405 2434 ecelesia
429 2384 500 2433 oret
522 2390 584 2453 pro
608 2382 738 2434 mortuo
760 2370 921 2452 absoluto,
944 2371 990 2435 sic
1010 2385 1044 2436 et
1059 2371 1146 2454 equi·

162 2495 239 2539 voce
262 2474 439 2538 absolvitur
460 2487 622 2557 mortuus,
645 2475 677 2537 id
701 2488 759 2558 est,
782 2488 955 2560 antequam
979 2475 1145 2559 morietur,

161 2579 326 2643 absolutus
350 2578 449 2643 fuisse
473 2577 672 2644 contricione
695 2593 905 2661 monstratur,
929 2594 961 2645 et
975 2580 1021 2644 sic
1037 2581 1145 2664 quoad

162 2698 309 2749 mortuos
332 2682 413 2747 nibil
442 2684 504 2747 iam
528 2697 691 2768 operatur.
727 2686 809 2748 Nam
839 2685 895 2747 ubi
923 2696 955 2749 te
982 2684 1146 2768 invenero,

161 2790 207 2853 ibi
245 2802 278 2854 te
307 2788 470 2870 iudicabo,
505 2802 536 2852 et
568 2787 636 2853 sive
671 2791 766 2853 arbor
797 2789 891 2853 cadat
925 2789 965 2852 ad
999 2803 1189 2853 austrumao

162 2894 229 2958 sive
262 2895 301 2956 ad
334 2893 531 2976 aquilonem,
565 2894 610 2957 ibi
642 2894 718 2975 erit;
753 2895 809 2957 sed
842 2894 973 2957 ecclesia
1006 2895 1146 2959 militans

162 3018 236 3081 sepe
260 2997 339 3062 lallit
360 3013 393 3061 et
417 2997 547 3078 fallitur,
565 3012 601 3060 ut
616 2997 692 3061 dicit
708 2998 883 3079 decretalis,
906 2999 954 3060 De
979 2998 1146 3062 Sententia

126 3102 526 3182 erExcommunicacionis‚
549 3103 576 3164 A
601 3103 701 3166 nobis.
726 3104 808 3166 Nam
833 3124 899 3166 non
923 3118 1069 3168 mortuos
1092 3105 1146 3167 sed

109 3185 251 3270 'rovivos
275 3207 424 3288 astringit
440 3220 583 3291 potestas
601 3208 750 3289 clavium,
774 3227 848 3270 cum
873 3209 979 3271 solum
1003 3208 1047 3272 illi
1070 3210 1146 3272 sub·

109 3286 125 3324 tt

162 3325 238 3376 sunt
261 3311 391 3374 ecclesie
415 3311 582 3392 militanti3
606 3325 636 3374 et
659 3313 806 3396 sequitur
828 3313 860 3376 in
885 3310 948 3377 fine
964 3314 1048 3377 tituli
1064 3313 1146 3378 diiii·
1158 3321 1190 3374 25

163 3417 247 3479 nicio
277 3415 428 3479 doctoris.
463 3415 496 3478 ln
525 3415 652 3479 inferno
680 3436 755 3479 vero
783 3417 862 3479 nihil
890 3432 1067 3500 operantur
1088 3419 1148 3482 iste

164 3520 376 3603 indulgencie,
401 3521 475 3604 quia
499 3521 543 3583 ibi
568 3522 654 3585 nulla
678 3536 726 3585 est
748 3520 942 3605 redempcio.
965 3522 1039 3585 Non
1063 3524 1147 3587 enim

163 3638 212 3689 est
253 3625 296 3687 ibi
334 3625 465 3708 aliquod
501 3627 625 3689 bonum
663 3627 769 3710 quoad
807 3647 923 3711 penam
958 3627 1016 3689 sed
1052 3646 1148 3691 omne

165 3729 296 3792 malum.
321 3729 368 3794 lbi
392 3730 479 3793 enim
503 3749 568 3794 non
594 3745 641 3794 est
664 3752 746 3816 pena
770 3731 936 3794 meritoria
957 3751 1017 3793 nec
1033 3751 1147 3814 purga·

165 3834 244 3896 toria
269 3855 325 3897 nec
351 3836 535 3899 transitoria
558 3837 613 3899 sed
639 3851 764 3900 tantum
788 3836 951 3920 punitoria
975 3850 1007 3900 et
1029 3838 1190 3900 eterna.30

110 3998 117 4004 .
164 3937 333 4020 Hugucius
357 3952 464 4002 tamen
488 3940 567 4005 dicit
599 3940 687 4025 quod
719 3941 762 4004 ibi
791 3953 840 4004 est
868 3939 1033 4004 alleviacio
1055 3960 1147 4023 pene,

204 4241 235 4286 ¹7·
250 4228 280 4273 lia
295 4229 430 4275 moriretur.
536 4225 570 4272 2³.
587 4229 610 4274 Α
625 4228 648 4273 ln
663 4240 750 4284 marga
769 4228 877 4274 Ecclesia
895 4229 997 4275 militans
1016 4242 1072 4287 sepe
1089 4228 1149 4275 tritu

165 4306 188 4344 et
200 4298 294 4345 lellitur.
400 4298 431 4345 31.
445 4298 469 4344 Α
482 4297 505 4342 ln
520 4308 608 4354 marga
622 4296 752 4354 lluguclus.

212 4488 250 4539 ¹4
269 4436 355 4530 Decri
368 4489 421 4527 see.
441 4491 509 4544 pars,
522 4489 602 4527 causa
615 4475 789 4545 xx1v.q.11,
807 4490 865 4543 erp.
883 4474 926 4527 Vl.
999 4491 1040 4529 20.
1053 4475 1148 4544 Cump.

166 4560 268 4614 Ecclee.
278 4561 321 4626 xt,
333 4561 356 4615 3.
434 4562 474 4615 23.
484 4562 561 4615 Decr.
575 4563 654 4632 Greg.
670 4563 712 4615 11„
726 4562 769 4615 lib.
782 4563 812 4628 V,
825 4563 865 4613 tit.
877 4562 991 4631 mlx,
1000 4561 1147 4620 nxxvlll.
