3262 5226
177 762 194 1071 l

182 1076 195 1137 .

177 1148 200 1539 t

381 519 524 616 ceam]
760 539 1008 595 uouemusm

165 666 172 701 ἱ
269 705 494 790 L139¹eadem
518 704 592 787 ipsa
610 700 741 785 peperit
767 698 881 761 Datau
912 709 944 763 et
958 697 1042 762 alios
1069 697 1102 761 iu
1129 697 1241 763 eodem
1251 702 1382 784 populo

381 812 517 886 similes,
548 818 581 874 et
605 825 668 892 que
695 804 786 885 istos,
822 801 938 866 eadem
968 803 1041 886 ipsa
1070 801 1207 883 dudam,
1234 805 1381 890 pseudo·

382 915 557 999 apostolos,
583 910 747 974 Simonem
771 926 907 993 magum
930 916 962 971 et
982 917 1107 973 ceteros
1129 928 1234 995 usque
1254 909 1301 974 ad
1319 911 1382 975 ltec

380 1031 525 1102 tempora
535 1014 863 1100 pseudochristianos
872 1012 1090 1095 pertinaciter
1104 1012 1294 1098 obduratos,
1308 1017 1381 1083 sire

357 1128 445 1188 isim
462 1121 626 1205 permixti
646 1120 714 1183 sire
737 1126 854 1200 aperta
870 1117 1059 1202 precisioue
1080 1117 1290 1188 dissenciaut.

423 1227 465 1290 Et
495 1240 569 1309 post
600 1223 732 1310 exponit
769 1222 939 1308 quomodo
975 1222 1144 1306 allegorice
1178 1224 1313 1291 docetur
1345 1225 1380 1291 iu

380 1330 509 1394 historia
540 1328 653 1394 veteris
684 1326 863 1392 testamenti
894 1329 1063 1412 quomodo
1085 1328 1162 1394 boni
1183 1330 1381 1416 quandoque

374 1437 517 1520 pariunt
538 1434 649 1511 bonos,
673 1441 711 1496 ut
728 1432 832 1497 Jacob
854 1430 1024 1496 duodecim
1046 1435 1273 1516 patriarchas,
1297 1436 1381 1501 mali

381 1552 486 1605 autem
519 1539 714 1625 quandoque
739 1538 880 1621 pariunt
909 1536 1022 1621 bonos,
1046 1549 1082 1603 ut
1103 1539 1224 1605 ancille
1253 1539 1383 1606 Rachel

196 1674 199 1681 ·
318 1672 372 1714 ,ιο
376 1655 515 1731 pariunt
535 1644 637 1709 Jacob
651 1643 758 1728 filios,
782 1641 864 1707 mali
890 1652 998 1706 autem
1022 1643 1219 1731 quaudoque
1234 1647 1383 1729 pariunt

192 1720 201 1777 i

382 1752 497 1833 malos,
529 1759 562 1815 et
594 1750 671 1814 boui
703 1749 822 1826 malos,
861 1757 898 1812 ut
925 1758 1019 1833 palat
1048 1749 1090 1814 de
1119 1750 1277 1834 Ismahel,
1297 1751 1380 1836 filio

379 1857 509 1922 Abrahe
531 1867 563 1921 et
584 1854 714 1919 ancille.
731 1852 774 1918 Et
789 1853 1001 1938 postmodum
1022 1853 1160 1919 declarat
1174 1857 1265 1941 quod
1274 1858 1381 1941 palea

383 1962 471 2026 nullo
495 1959 591 2025 modo
608 1970 718 2044 potest
739 1959 891 2025 conuerti
913 1959 946 2022 in
963 1957 1175 2045 frumentum
1206 1961 1293 2026 sicut
1317 1983 1381 2029 nec

381 2086 460 2131 caro
476 2069 509 2130 iu
525 2066 690 2150 spiritum,
706 2063 764 2129 sed
768 2065 909 2149 presciti
917 2083 1030 2131 omnes
1044 2067 1086 2130 ab
1097 2066 1158 2131 illa
1168 2066 1381 2152 ecclesiaque

201 2136 208 2267 ἐ
310 2157 316 2166 ’
343 2172 587 2254 titriumpbaus
609 2170 752 2235 estsine
774 2169 907 2234 macula
939 2170 992 2236 uel
1014 2190 1102 2257 ruga
1127 2190 1259 2256 semper
1282 2172 1381 2238 dirisi

380 2289 464 2344 sunt.
488 2277 529 2341 Et
551 2276 598 2341 sic
620 2288 708 2361 patet
730 2295 768 2339 ex
790 2273 977 2339 testimonio
992 2289 1174 2341 sanctorum
1190 2276 1377 2361 Augustini,

382 2381 570 2446 Crisostomi
595 2395 626 2446 et
648 2379 764 2445 decreti
780 2383 949 2466 quomodo
972 2395 1020 2445 est
1035 2381 1129 2446 unica
1151 2395 1260 2446 sancta
1275 2395 1580 2465 matermsflw„

382 2485 510 2550 ecclesia
533 2507 552 2549 a
574 2484 731 2571 principio
758 2485 873 2551 mundi
901 2505 964 2571 que
991 2487 1169 2552 eternaliter
1195 2501 1228 2552 et
1255 2486 1375 2572 impet·
1398 2468 1580 2585 ‘afflig

381 2590 477 2656 mixte
499 2590 680 2676 amplexata
703 2604 750 2655 est
764 2611 784 2653 a
798 2588 910 2675 sponsi
924 2591 1051 2656 dextera
1066 2606 1139 2676 post
1153 2591 1240 2657 diem
1256 2591 1376 2661 iudicii.
1386 2574 1489 2622 ΜΝ
1499 2575 1580 2623 mm

340 2712 372 2748 ²0
383 2697 484 2778 Unde,
501 2695 670 2780 supposita
692 2695 734 2758 ad
747 2695 848 2760 istum
862 2715 995 2760 sensum
1008 2694 1129 2762 unitate
1144 2711 1252 2762 sancte
1266 2697 1377 2764 mani·

382 2801 520 2882 ecclesie,
543 2800 751 2866 manifestum
772 2800 900 2864 videtur
920 2801 1011 2886 quod
1032 2800 1140 2866 nulius
1156 2802 1311 2887 prescitus
1334 2803 1377 2870 sit
1395 2814 1519 2865 mutuet
1534 2831 1580 2867 m·

381 2905 563 2968 membrum
577 2904 663 2970 illius
679 2904 824 2989 ecclesie;
847 2925 923 2969 nam
946 2906 1054 2970 solum
1068 2906 1123 2970 illa
1138 2918 1186 2972 cst
1200 2921 1302 2973 mater
1322 2929 1373 2975 ec·
1414 2869 1580 2971 'thui-'iffi

381 3007 473 3072 clesin
496 3027 555 3092 pro
578 3021 723 3094 tempore
749 3008 799 3073 uie
827 3031 892 3096 que
920 3009 1133 3096 coronabitur,
1160 3031 1220 3077 nec
1247 3013 1378 3080 habebit
1436 2977 1559 3034 mensa,

380 3111 431 3175 hic
452 3113 529 3176 alias
551 3129 656 3195 partes
678 3135 779 3201 quam
799 3114 930 3180 habebit
955 3129 1031 3201 post
1056 3117 1143 3182 diem
1169 3117 1289 3183 iudicii.
1312 3119 1378 3186 Sed

341 3216 432 3279 ubilin
455 3231 556 3281 muter
578 3233 687 3284 nostra
707 3233 784 3305 post
811 3220 899 3285 diem
926 3220 1045 3304 iudicii,
1067 3222 1200 3308 quando
1223 3222 1282 3289 erit
1308 3223 1378 3290 siue

382 3322 504 3385 maculo
515 3324 566 3388 vel
576 3344 665 3410 ruga,
682 3319 749 3389 non
771 3324 904 3390 habebit
926 3327 1079 3412 prescitos
1100 3328 1157 3392 sed
1171 3326 1281 3394 solum
1302 3349 1377 3421 pre·

381 3425 552 3492 destinatos
583 3443 688 3513 partes
723 3447 819 3514 suas;
850 3453 927 3517 ergo
954 3446 986 3497 et
1016 3434 1127 3498 modo.
1159 3439 1379 3520 Assumptum

381 3543 467 3611 putet
489 3532 529 3596 de
551 3552 616 3596 una
639 3549 748 3599 sancta
770 3549 872 3601 matre
895 3536 1026 3602 ecclesia
1047 3559 1112 3623 que
1133 3537 1290 3605 inutiliter
1311 3560 1377 3605 set·

381 3631 458 3698 viret
478 3634 530 3699 hic
552 3657 685 3722 sponso,
715 3640 777 3704 nisi
803 3654 880 3726 post
905 3641 1049 3708 laborem
1076 3643 1256 3710 eternaliter
1281 3664 1377 3710 corn·

423 3850 448 3892 ⁴·
461 3839 487 3884 lu
502 3839 603 3887 decuma
622 3842 646 3888 ln
661 3842 790 3891 udeccloue
808 3847 898 3894 camuli
912 3847 1071 3906 pertinaeltcr.
1163 3848 1188 3897 6.
1200 3850 1226 3896 Α
1241 3849 1267 3898 lu
1285 3859 1378 3908 marna

381 3904 509 3954 Generuclo
527 3911 633 3958 ecclesie.
727 3928 751 3972 9.
765 3915 796 3960 Bt
810 3917 907 3975 pariunt
920 3918 1004 3965 undu.
1111 3919 1141 3968 13.
1154 3918 1173 3965 Β
1187 3919 1214 3966 ln
1227 3931 1377 3979 mactante.

381 3986 440 4021 recu
450 3977 518 4024 Palea
532 3993 653 4041 nunquam
667 3993 770 4032 venetur
783 3985 807 4032 ln
821 3986 967 4035 frumentum
980 3988 1041 4036 alent
1053 4001 1141 4047 corpus
1154 3990 1179 4037 lu
1193 3991 1310 4038 animum.

381 4045 507 4106 ruam
522 4051 552 4097 de
565 4053 710 4102 testimonio.
811 4070 843 4116 ¹7·
858 4059 1104 4107 Binnlcadsanctu
1197 4061 1377 4122 rufi-Ama

380 4113 425 4161 Sed
438 4140 465 4153 -
479 4119 650 4174 tramitem

421 4293 447 4349 6.
472 4298 542 4368 Aug.
569 4302 588 4354 1.
607 4317 643 4357 ca
662 4303 692 4358 ln
710 4305 839 4359 omnibus
857 4309 930 4362 enim
943 4307 1091 4362 christiania
1109 4308 1214 4378 (iratres
1228 4309 1375 4382 adtendite)

380 4393 424 4434 aut
448 4399 497 4453 per
523 4389 610 4442 mulos
633 4404 779 4447 nucuntur
799 4394 865 4448 boni
888 4408 933 4450 aut
954 4411 1003 4466 per
1024 4395 1112 4450 bonor
1143 4408 1290 4451 aucuntur
1311 4399 1376 4453 mall

381 4479 424 4520 nut
442 4486 488 4538 per
505 4472 595 4526 bonos
612 4476 676 4531 boni
695 4492 740 4534 aut
758 4497 807 4551 per
824 4484 911 4535 mulos
929 4481 991 4534 mall
