3262 5226
713 440 1049 495 touaunrswucuu.
1246 417 1378 512 [cor-m

389 619 455 662 non
482 597 647 663 Christum
672 600 781 684 gratis
806 599 986 684 diligentes,
1020 617 1083 661 non
1106 597 1213 662 Deum
1242 608 1451 682 proptera34⁴
1464 614 1491 668 a

389 705 496 786 psum
507 702 613 766 Deum
629 711 811 786 querentes,
821 702 1013 786 temporalia
1028 711 1265 784 consequentes,
1278 701 1379 767 lucris

389 808 564 885 inhiantes,
601 807 742 871 leonores
778 805 819 869 ab
855 805 1038 871 horninibus
1063 815 1259 888 appetentes.
1305 804 1379 870 Hes

390 910 521 995 quando
543 920 700 974 amantur
721 930 742 973 a
759 911 927 994 preposito
951 920 982 974 et
997 919 1136 994 propter
1157 912 1217 974 laec
1238 909 1378 974 servitur

390 1015 473 1091 Deo,
504 1016 650 1100 quisquis
671 1015 748 1079 talis
772 1024 829 1097 est,
862 1017 1085 1080 mercenarius
1105 1025 1162 1092 est,
1186 1015 1272 1079 inter
1282 1012 1403 1097 filioss

390 1139 427 1183 se
450 1139 513 1184 non
534 1128 706 1203 computet.

165 1228 383 1339 menemus
434 1223 526 1288 Unde
570 1222 647 1309 quia
686 1242 800 1285 omnes
842 1220 1033 1286 confitemur
1069 1243 1128 1285 nos
1166 1219 1377 1306 principaliter

165 1292 380 1433 ῗωῶῐὺῖἒῖξξὲ
390 1341 521 1411 propter
541 1327 700 1391 honorem
714 1325 772 1389 Dei
789 1340 819 1390 et
834 1325 1030 1411 spiritualem
1052 1323 1230 1410 proiectum
1251 1324 1378 1390 ecclesie

203 1440 366 1499 ysnipnre.
389 1430 469 1495 tales
488 1430 703 1517 preposituras
719 1443 879 1515 appetere,
900 1430 942 1493 ad
956 1428 1200 1493 discernendum
1221 1428 1247 1491 si
1268 1448 1380 1492 sumus

390 1535 544 1620 ypocrita
582 1547 711 1619 oportet
746 1535 872 1598 credere
902 1532 1052 1618 operibus
1087 1534 1212 1617 uostris,
1249 1534 1378 1619 speculo
1391 1567 1422 1606 ω

389 1639 543 1723 scripture
574 1653 606 1703 et
638 1638 825 1702 testimonio
858 1652 1065 1704 sanctorum.
1083 1640 1174 1705 Unde
1207 1639 1379 1723 Gregorius

389 1743 518 1824 xxxio,
549 1743 663 1807 MoraL
686 1762 754 1827 cap.
779 1743 833 1825 IX,
860 1756 891 1807 ct
913 1740 1004 1824 inlra,
1027 1741 1101 1806 satis
1122 1743 1256 1828 explicat
1283 1742 1378 1808 istam

390 1846 555 1911 materiam
576 1846 609 1910 in
633 1847 731 1911 tribus
754 1846 1028 1930 conclusionibus3
1060 1867 1244 1931 supponens
1275 1847 1379 1932 primo

388 1952 479 2036 quod
500 1972 594 2016 inens
615 1952 694 2016 iusti
716 1951 768 2016 uel
792 1953 863 2017 ueri
884 1951 1058 2016 christiani
1088 1950 1181 2017 debet
1212 1971 1283 2017 esse
1312 1963 1378 2017 tam

390 2055 509 2139 affectu
524 2076 623 2140 quam
649 2054 813 2120 intellectu
836 2056 972 2120 collecta
997 2057 1206 2140 intrinsecus,
1228 2055 1422 2141 sicquod15

390 2161 489 2226 nichil
509 2181 604 2225 suum
629 2160 775 2225 exterius
800 2159 1016 2244 derelinquat.
1039 2161 1129 2224 Patet
1150 2181 1188 2224 ea
1209 2159 1271 2224 hoc
1294 2161 1380 2246 quod
1429 2144 1436 2156 ⁵

390 2265 478 2328 aliter
498 2277 642 2348 peccaret
664 2276 774 2327 contra
795 2261 857 2326 hoc
884 2264 1087 2329 mandatum:
1117 2266 1249 2351 Diliges
1279 2264 1381 2330 dorni·

391 2389 469 2432 num
481 2369 588 2432 Deum
611 2379 702 2432 tuurn
724 2387 769 2433 ex
789 2378 852 2431 toto
875 2368 984 2446 corde,
1006 2388 1050 2434 ex
1071 2379 1137 2433 tota
1159 2371 1269 2433 anima
1294 2376 1327 2433 et
1340 2389 1383 2433 ex

390 2483 458 2537 toto
489 2483 604 2539 mente.
645 2472 730 2537 Cum
758 2492 833 2557 ergo
860 2493 926 2537 uon
954 2474 1048 2537 debet
1075 2493 1214 2557 peccare,
1240 2472 1382 2559 sequitur

391 2579 480 2663 quod
500 2599 567 2643 non
590 2579 684 2642 debet
706 2597 772 2640 esse
795 2574 890 2640 lracta
912 2577 956 2641 sic
978 2577 1011 2641 in
1035 2577 1193 2643 intellectu
1209 2593 1247 2643 ·et
1266 2576 1424 2648 affectuao

390 2681 472 2746 circa
486 2681 683 2766 temporalia,
698 2679 773 2767 quia
788 2695 824 2746 ut
838 2680 883 2745 sic
897 2702 989 2746 amor
996 2681 1052 2746 uni
1062 2682 1185 2746 debitus
1194 2681 1382 2767 dispergitur

393 2786 476 2850 circa
496 2786 609 2851 multa.
1387 2805 1416 2860 B

375 2898 380 2909 '
437 2890 499 2955 lsto
512 2890 680 2976 supposito
696 2903 792 2975 patet,
806 2889 910 2975 primo
925 2893 1012 2976 quod
1031 2895 1137 2957 sancti
1152 2892 1227 2956 dum
1243 2912 1278 2957 se
1293 2893 1380 2957 intra

391 3005 493 3059 semet
508 2997 597 3080 ipsos
611 2999 660 3060 sic
674 2996 844 3080 colligunt,
867 2995 1074 3060 occultatam
1090 2997 1129 3062 de
1144 3008 1230 3062 statu
1239 2997 1381 3081 proprio

394 3119 491 3183 quam
514 3099 554 3165 de
576 3109 663 3164 statu
680 3101 831 3182 proximi
843 3100 1127 3185 comprehendunt.
1151 3102 1240 3166 Patet
1260 3122 1297 3165 ex
1320 3101 1423 3173 hoc25

395 3204 482 3288 quod
518 3203 574 3267 lux
612 3225 684 3268 vera
715 3224 778 3290 que
809 3225 874 3267 non
905 3217 1010 3287 potest
1040 3225 1191 3288 personas
1227 3205 1380 3289 accipere,

395 3307 568 3370 necessario
583 3309 761 3372 secuudum
771 3306 975 3391 capacitatem
985 3307 1110 3373 irradiat
1124 3310 1223 3377 talem
1229 3323 1381 3376 mentem.

394 3412 436 3475 Et
458 3410 518 3476 hoc
541 3409 713 3519 figuratura
735 3426 783 3477 est
798 3411 943 3476 Ezechiel
958 3413 1040 3496 Vlll,
1066 3414 1094 3496 3,
1117 3413 1171 3479 ubi
1194 3413 1238 3478 sic
1251 3414 1380 3500 legitur:

437 3594 453 3627 s.
465 3594 485 3627 a.
495 3581 526 3625 a:
541 3590 640 3640 propter
653 3581 723 3627 istum
735 3580 810 3627 Deam
819 3580 897 3636 decan
911 3581 968 3627 ibid.
976 3581 1115 3640 temporatia
1125 3582 1215 3629 sciticet
1222 3583 1347 3631 commoda
1357 3591 1382 3631 ut

393 3652 492 3698 habetur
503 3653 527 3698 in
540 3651 651 3699 decretali
665 3663 736 3709 supra
750 3659 886 3697 memorata.
977 3666 1001 3706 4.
1015 3652 1039 3698 in
1053 3653 1127 3697 codis
1142 3653 1264 3710 preposito
1278 3661 1381 3711 propter.

393 3721 418 3765 6.
430 3722 453 3767 Α
469 3722 492 3766 in
506 3735 585 3777 naras
599 3722 662 3768 Nota
675 3721 715 3780 qui
733 3729 787 3766 sunt
809 3720 850 3779 qni
873 3719 971 3777 allinunt
984 3733 1031 3779 qne
1044 3733 1088 3766 sua
1101 3728 1163 3779 sunt,
1177 3732 1225 3766 non
1234 3734 1281 3779 que
1291 3721 1381 3768 domini

393 3789 449 3835 lesa
458 3791 558 3847 Christi;
573 3792 610 3839 lbi
628 3791 716 3838 Contra
732 3791 821 3837 cierunt
834 3803 932 3848 pravum
943 3800 966 3837 et
975 3803 1082 3837 avarum.
1093 3790 1162 3846 stiria
1171 3788 1377 3846 atosaabovestet

396 3858 494 3906 without
507 3863 576 3907 mark
591 3862 618 3907 oi
630 3862 768 3916 reference).
916 3874 938 3919 7.
953 3860 985 3905 as
999 3861 1138 3906 eonfitemur
1156 3871 1200 3905 nec
1217 3857 1383 3917 principaliter.

395 3939 425 3974 ra.
439 3930 462 3975 Α
480 3931 503 3975 in
522 3944 602 3988 maras
625 3930 762 3987 Gregorius.
888 3931 922 3977 23.
936 3929 984 3976 tta
1006 3930 1030 3975 ln
1052 3941 1129 3985 marga
1151 3928 1229 3974 Prima
1251 3926 1382 3974 conclusio.

394 4007 431 4053 ²⁴·
446 3997 523 4045 Verba
538 4000 648 4057 Gregorii
663 4031 670 4047 .
684 4029 692 4044 .
707 4029 714 4043 .
728 3999 848 4058 colligunt,
869 4000 929 4045 mira
942 4011 969 4045 ac
983 3998 1120 4056 penetrabili
1140 3998 1191 4043 acte
1204 3999 1296 4043 occuita
1309 3997 1383 4044 eciam

395 4068 471 4113 atiena
484 4070 568 4115 delicta
583 4070 774 4127 deprehendunt3
791 4070 820 4114 iis
836 4077 932 4115 sutum.
1017 4067 1053 4114 28.
1068 4069 1085 4113 Β
1098 4070 1121 4114 in
1136 4079 1215 4124 marg:
1231 4064 1384 4113 Ezech.Viit.

394 4137 457 4182 ibide
471 4137 566 4183 Emissa
580 4138 710 4184 simiiitudo
724 4149 809 4183 manas
822 4137 978 4196 apprehendit
991 4150 1030 4183 sue
1043 4136 1067 4183 in
1081 4136 1234 4194 cisianotsiei
1245 4135 1383 4193 capitisetc.

443 4297 481 4333 12.
500 4254 580 4351 (ποις.
599 4282 691 4334 Morti.
709 4281 802 4347 xxxi,
820 4295 877 4349 cap.
894 4279 941 4331 xit
959 4278 1012 4348 (rei
1031 4279 1075 4350 tx)
1093 4279 1165 4348 Opp.
1182 4291 1248 4331 torn.
1267 4277 1288 4343 l,
1309 4276 1384 4331 1005.

400 4366 438 4420 a&
457 4367 549 4445 ¹itastis.
566 4367 633 4436 xm,
651 4367 695 4440 37.
