3262 5226
156 481 219 547 ¹94
681 472 1013 528 soulnnrswrcur.
1216 450 1298 542 [cae.
1309 464 1340 511 nr

175 646 345 709 yenevsnge-
370 632 547 712 dotacione,
579 647 609 695 et
631 652 669 695 ex
691 631 763 695 hinc
785 629 914 715 aliquod
935 631 1059 693 bonum
1080 627 1207 692 ecclesie
1230 627 1422 696 evenietr55·
1438 642 1464 694 L

166 699 231 812 iiii,
240 706 350 795 lili‘l'l'
371 735 422 822 (ut
451 751 535 821 patet
566 735 598 799 in
625 735 772 820 proximo
804 736 1022 817 argumento):
1054 753 1128 818 ergo
1159 731 1273 796 melius
1305 744 1350 794 est

162 801 355 917 affirmans
370 842 458 928 quod
488 839 618 904 ecclesia
651 839 695 905 sic
725 839 863 919 dotetur,
886 852 916 902 et
939 858 995 923 per
1017 858 1223 922 consequens,
1255 836 1352 899 Cesar

176 906 348 1004 'linirihm‘
369 945 489 1010 dotavit
521 944 685 1009 ecclesiam
717 963 812 1027 supra
843 941 1017 1009 Christum.
1041 940 1141 1006 Maior
1163 941 1287 1005 videtur
1314 961 1351 1003 cx

369 1051 430 1115 hoc
463 1051 551 1136 quod
585 1051 696 1115 beatus
728 1048 875 1113 Silvester
897 1063 928 1113 et
950 1046 1002 1111 alii
1027 1046 1124 1111 sancti
1148 1045 1291 1129 episcopi
1320 1060 1376 1113 ets

368 1153 490 1217 domini
513 1154 664 1217 seculares
688 1174 752 1217 non
776 1154 1003 1236 approbassent
1022 1150 1225 1216 dotacionem
1239 1149 1350 1214 huius-

369 1257 466 1339 modi,
489 1256 514 1320 si
539 1256 654 1322 luisset·
670 1259 710 1321 ad
732 1257 1012 1321 deterioracionem
1034 1255 1173 1336 ecclesie,
1189 1256 1245 1319 sed
1265 1255 1351 1319 curia

368 1364 512 1425 Romana
527 1361 697 1426 instetisset
711 1361 789 1425 olim
803 1382 862 1446 pro
878 1360 1048 1446 privilegiis
1062 1359 1200 1445 antiquis
1222 1359 1351 1424 ecclesie

368 1480 400 1530 et
435 1480 564 1551 pmptcr
597 1465 778 1530 facilitatem
810 1465 941 1529 luissent
975 1465 1053 1528 olim
1090 1464 1244 1546 restituta,
1276 1484 1351 1528 cum

368 1584 434 1634 tam
464 1570 608 1635 dotantes
638 1591 736 1655 quam
767 1570 866 1635 dotati
893 1569 999 1635 statim
1030 1583 1204 1634 annuerent
1236 1590 1349 1653 expro·
1364 1597 1396 1634 ιο

367 1673 529 1758 priacioni,
552 1675 626 1738 dato
648 1675 735 1759 quod
757 1688 839 1739 esset
861 1673 1029 1738 meritoria.

172 1788 227 1834 The
241 1789 288 1851 first
303 1801 341 1886 ³3⁸·-
411 1777 472 1843 Hic
484 1776 596 1842 dicitur
607 1779 751 1864 negando
762 1778 899 1862 primam
909 1777 1182 1862 consequentiam,
1199 1776 1257 1842 nisi
1271 1776 1351 1842 lorte

178 1849 316 1940 sqqpp'qq'·
370 1894 571 1966 assumptum
593 1883 633 1947 sit
655 1881 858 1966 impossibile.
882 1883 964 1945 Nam
987 1881 1109 1946 videtur
1130 1881 1240 1946 multis
1262 1883 1351 1967 quod

369 1987 508 2051 laureola
543 1986 672 2051 martirii
708 2008 772 2072 qua
811 1986 926 2050 milites
954 1986 1072 2050 Christi
1106 1985 1424 2071 plusi‘strenuims‘

367 2091 565 2155 decertarunt
596 2091 628 2153 in
656 2091 785 2155 floribus
808 2090 947 2173 ecclesie,
970 2092 1183 2155 convertendo
1207 2105 1274 2155 tarn
1296 2105 1393 2158 err-15

368 2196 472 2279 pedite
494 2210 618 2260 tantum
640 2196 808 2281 populum,
831 2216 898 2259 non
920 2195 1079 2261 stetissent
1093 2196 1187 2259 simul
1209 2196 1351 2260 subiecto

368 2312 399 2363 et
429 2313 571 2383 tempore
604 2321 678 2365 cum
709 2300 877 2365 dotacione
899 2321 1032 2383 cesarea,
1055 2321 1112 2365 nec
1135 2314 1201 2365 tam
1231 2300 1352 2364 abiecta

369 2418 546 2488 paupertas,
569 2405 688 2469 calcato
711 2407 844 2487 mundo,
867 2405 1026 2470 submisso
1042 2407 1125 2470 clero
1142 2405 1258 2471 Christi
1274 2425 1350 2468 con·

368 2507 449 2590 silio,
473 2509 646 2574 voluntarie
660 2509 825 2594 paciendo,
848 2531 905 2575 nec
925 2524 1012 2574 tanta
1027 2510 1181 2596 aspiracio
1203 2512 1244 2576 ad
1267 2511 1351 2574 bona

367 2612 466 2698 patrie
504 2628 685 2699 contempta
716 2614 911 2678 confidencia
941 2615 974 2677 in
1006 2615 1098 2679 bonis
1136 2614 1262 2681 fortune
1301 2615 1394 2682 vello

308 2711 315 2731 '
368 2719 461 2784 bonis
491 2734 611 2801 nature,
643 2733 675 2784 et
705 2741 761 2803 per
791 2741 987 2805 consequens
1026 2742 1090 2785 non
1127 2721 1236 2785 luisset
1263 2734 1349 2786 tanta

368 2840 467 2890 status
499 2825 647 2889 securitas
669 2826 832 2910 sequendo
856 2824 1020 2889 Christum
1042 2846 1098 2909 per
1121 2826 1349 2909 compendium

368 2930 516 2995 atterite
539 2927 609 3016 que¹
623 2931 711 2995 ducit
732 2932 771 2993 ad
795 2930 907 2994 celum.
939 2931 1023 2995 Nam
1045 2930 1154 2994 omnia
1184 2930 1243 2994 ista
1270 2951 1349 3015 qua·

368 3050 441 3099 tuor
478 3055 551 3098 cum
586 3035 651 3099 suis
689 3034 877 3099 correlativis
909 3034 1055 3098 videntur
1090 3055 1157 3098 esse
1189 3034 1350 3097 dotacioni

368 3155 488 3205 terrene
510 3139 672 3205 contraria
903 3169 908 3178 ·
1363 3152 1394 3204 25

155 3248 360 3355 fjlfl,³{”,‘,{l},'³52¹
412 3245 473 3307 Sed
517 3245 556 3307 da
600 3245 688 3330 quod
725 3244 784 3307 ista
821 3241 951 3307 luissent
996 3241 1232 3327 compossibilia
1276 3258 1391 3310 cumn

174 3356 221 3397 ¹⁰⁸⁵
230 3356 287 3448 '22³
302 3357 340 3398 ne
370 3348 535 3412 dotacione
551 3350 678 3414 ecclesie
694 3363 724 3413 et
739 3350 779 3412 da
795 3349 951 3412 minorem
966 3348 1148 3432 principalis
1163 3347 1351 3432 argumenti,

278 3436 284 3448 ⁸
369 3454 472 3516 adhuc
492 3474 556 3515 non
580 3454 721 3538 sequitur
743 3452 916 3535 conclusio,
940 3473 1014 3516 cum
1030 3467 1090 3517 stat
1113 3473 1186 3516 cum
1203 3466 1272 3516 toto
1288 3452 1350 3515 isto

369 3559 456 3643 quod
490 3558 617 3622 ecclesia
643 3561 752 3642 perdat
784 3559 1015 3644 perfeccionem
1047 3557 1173 3622 aliunde
1195 3558 1350 3621 maiorem

368 3684 465 3747 quam
489 3661 547 3727 luit
568 3663 723 3748 perleccio
739 3685 776 3727 ex
799 3663 1010 3749 acquisicione
1033 3662 1258 3747 temporalium
1278 3682 1348 3746 per·
1361 3676 1394 3729 30

368 3766 498 3851 quisita;
528 3769 615 3852 quod
647 3790 707 3851 ego
739 3770 833 3832 credo
873 3768 991 3831 nedum
1023 3766 1117 3831 luisse
1147 3788 1259 3832 verum
1296 3768 1350 3830 sed

369 3871 588 3954 necessarium,
611 3873 776 3956 supposita
801 3873 1014 3937 declinacione
1037 3895 1054 3936 a
1078 3873 1228 3956 religione
1251 3893 1351 3957 quarn

369 3975 513 4041 Christus
528 3976 672 4042 instituit.
696 3979 736 4041 Et
758 3977 881 4041 videtur
902 3978 980 4040 mihi
1005 3978 1137 4043 stultum
1160 3975 1227 4041 lore
1243 3977 1348 4040 omni·

371 4102 412 4144 no
428 4102 573 4145 excusare
595 4083 723 4145 beatum
746 4083 933 4147 Silvestrum
956 4097 987 4147 et
1006 4082 1154 4146 Cesarem
1178 4103 1196 4145 a
1219 4094 1350 4166 peccato

409 4280 439 4315 n.
462 4269 484 4313 Α
500 4269 523 4313 ln
544 4281 632 4324 maras
652 4267 793 4328 Responslo.
905 4281 936 4324 ¹⁴·
957 4270 979 4315 Α
1001 4268 1025 4314 ln
1047 4280 1133 4323 marga
1157 4267 1220 4313 Nota
1244 4274 1351 4325 quatuor.

370 4337 402 4384 rll.
426 4341 467 4394 Ap
494 4340 591 4385 calcata.
702 4351 738 4390 ss.
762 4339 854 4385 cerret·
875 4338 899 4384 ln
921 4339 993 4386 codd.
1107 4335 1141 4383 ³³.
1167 4338 1190 4383 Α
1213 4338 1238 4381 lu
1262 4350 1350 4395 marga

369 4409 503 4454 tbncluslo.
1069 4422 1072 4427 ·
