3262 5226
148 382 272 470 cira]
520 389 765 447 narocrasu.

79 562 227 653 ,s9tquin
249 556 405 644 peridem
427 568 459 618 et
475 549 585 637 patrie,
609 562 641 613 et
663 547 709 613 sic
731 546 813 614 alius
835 570 889 614 rex
904 550 956 613 alii
970 549 1081 636 patrie,
1103 562 1136 616 et

148 667 193 730 sie
224 679 394 748 quousque
425 670 493 722 tota
524 652 641 738 Angli·
675 650 769 718 luerit
799 652 953 718 libertate.
985 654 1018 719 Si
1048 653 1134 719 enirn

149 768 253 834 rotulis
275 761 439 847 exempcio
462 758 661 841 extingueret
682 770 785 822 totam
800 758 920 844 regiam
934 773 1134 845 potestatem,

149 869 343 959 particularis
374 863 539 948 exempeio
569 861 770 947 extingueret
800 877 925 946 partem
954 863 1033 946 eius,
1060 885 1135 929 cum

123 980 188 1051 sde
204 989 291 1040 tanto
314 992 380 1037 non
402 969 532 1033 haberet
555 987 607 1030 rex
630 981 822 1051 potestatem
844 968 906 1033 loci
929 969 980 1032 vel
1001 988 1135 1053 persone

148 1078 313 1144 incolentis
344 1075 384 1139 ad
412 1072 633 1157 castigandum
655 1071 770 1156 ipsam,
793 1087 1081 1160 quantumcunque
1101 1073 1135 1138 in

148 1203 254 1268 regem
283 1180 333 1245 vel
364 1198 499 1263 regnum
531 1176 710 1261 deliquerit,
743 1190 775 1241 et
805 1177 850 1242 sic
882 1198 949 1242 non
977 1178 1059 1243 foret
1072 1184 1136 1245 'rex

149 1288 252 1352 tocius
275 1284 400 1368 Anglie,
430 1302 508 1346 eum
529 1281 621 1345 locus
646 1296 813 1366 exemptus
845 1281 927 1349 foret
960 1284 997 1348 in
1026 1305 1135 1371 regno,

148 1393 204 1456 sed
238 1410 301 1453 non
333 1389 378 1452 de
409 1407 518 1471 regno.
559 1386 634 1450 Non
666 1385 755 1450 enim
783 1385 913 1452 haberet
939 1409 993 1453 rex
1014 1402 1134 1454 tantam

108 1510 336 1582 ‚opotestntem
369 1494 408 1556 ad
443 1491 682 1577 subiugandum
714 1490 834 1558 incolas
864 1493 936 1557 talis
967 1493 1029 1558 loci
1055 1495 1136 1560 sicut

151 1601 244 1665 habet
264 1612 457 1684 potestatem
478 1597 519 1660 ad
542 1596 744 1680 puniendum
760 1611 891 1680 gentem
904 1598 1046 1682 Francie,
1060 1621 1136 1665 cum

148 1720 271 1770 tantum
308 1702 492 1766 eximuntur
522 1721 541 1763 a
573 1700 764 1765 cohereione
794 1702 880 1788 regia
918 1703 1000 1769 sicut
1023 1703 1164 1775 ,incole-

148 1810 294 1876 r'llmanie
315 1808 365 1872 vel
388 1806 525 1871 omnino
547 1806 648 1870 aliene
670 1806 842 1892 provincie

108 1934 138 1987 rr
193 1917 232 1979 Et
246 1928 404 1999 quantum
425 1913 467 1976 ad
490 1910 638 1975 iniuriam
662 1911 786 1996 populi,
802 1926 890 1997 patet
912 1915 1000 1999 quod
1022 1914 1132 1978 vendi·
1155 1941 1201 1986 snt
1217 1954 1293 1988 caua
1306 1943 1344 1990 t·-

107 2037 236 2091 15catur
265 2019 399 2098 libertas,
431 2029 468 2080 ut
491 2029 778 2102 quantumcunque
800 2017 930 2082 sceleste
951 2019 1023 2105 quis
1050 2019 1131 2084 iniu·
1174 1992 1332 2095 diffidi„

148 2126 244 2189 riatur
266 2122 358 2188 luerit
379 2120 539 2207 proximo,
572 2120 759 2203 homicidio,
783 2121 878 2204 furto,
901 2123 1035 2206 mechis,
1062 2145 1133 2209 pre·

147 2230 313 2293 varicando
345 2228 378 2290 in
410 2246 543 2290 omnem
565 2226 706 2311 speciem
729 2227 955 2293 mandatorum
980 2229 1134 2315 decalogi,

147 2335 246 2417 fugiat
266 2335 305 2397 ad
329 2332 420 2396 illum
435 2331 545 2395 locum
568 2345 599 2396 et
621 2332 817 2416 precluditur
838 2332 989 2399 iniuriato
1011 2333 1134 2399 iusticie

146 2438 428 2523 complementum,
452 2458 528 2500 cum
550 2457 608 2500 nec
632 2451 757 2501 tenetur
779 2459 836 2521 per
854 2459 888 2502 se
910 2438 960 2502 vel
982 2459 1132 2524 procura·

105 2559 249 2614 notorem
278 2542 320 2605 ibi
353 2542 403 2605 vel
434 2540 507 2605 alibi
540 2557 623 2606 stare
645 2540 716 2624 iuri,
749 2557 780 2607 et
806 2557 914 2607 tamen
942 2564 995 2608 rex
1018 2544 1134 2629 Anglie

146 2649 179 2712 in
203 2647 409 2712 coronacione
424 2667 483 2710 sua
504 2646 624 2711 iuratus
644 2661 691 2710 est
706 2647 857 2732 religione
880 2648 1030 2713 laudabili
1045 2650 1134 2735 quod

148 2774 213 2817 non
237 2752 362 2838 negabit
384 2752 438 2816 sed
462 2752 615 2816 concedet
638 2751 794 2816 iusticiam
817 2751 1007 2838 cuicunque.

190 2857 268 2922 Osi
297 2871 402 2921 totum
425 2876 560 2940 regnum
589 2869 671 2920 esset
698 2856 743 2919 sic
765 2857 999 2942 privilegiatum
1025 2860 1133 2944 quoad

146 2984 242 3026 omne
278 2960 396 3025 lactum
438 2960 607 3024 scelestum
645 2974 677 3025 et
715 2960 856 3045 undique
901 2963 1134 3046 proclamatum

104 3068 266 3136 aslicitum
297 3065 513 3145 mendacium,
547 3065 676 3149 qualem
701 3064 812 3129 nidum
837 3065 967 3131 haberet
988 3067 1133 3133 diabolus

147 3173 178 3234 in
204 3170 316 3253 Anglia
339 3171 379 3233 ad
401 3170 636 3253 protegendum
659 3168 692 3232 in
716 3169 837 3234 delictis
860 3171 947 3233 verbi
973 3185 1006 3236 et
1028 3172 1133 3257 operis

147 3277 304 3361 populum
336 3269 555 3338 tenebrarumi
591 3275 712 3338 Revera
735 3273 767 3338 in
799 3276 1016 3340 baratro·non
1040 3277 1134 3343 habet

147 3382 209 3444 tale
230 3379 441 3465 privilegium.

191 3485 281 3550 Unde
304 3482 427 3569 quesivi
451 3485 491 3547 ab
514 3484 699 3548 adversariis
723 3485 804 3549 duos
827 3502 934 3552 casus:
966 3487 1083 3571 Primo,
1106 3489 1133 3552 si
1160 3470 1340 3559 ornarem
1407 3501 1411 3508 “

1143 3559 1266 3606 lotthesu
1348 3589 1360 3602 .

105 3592 290 3674 sopreduns,
326 3590 431 3654 iurans
460 3590 510 3653 vel
538 3604 689 3653 mutuans
717 3592 952 3676 quantumlibet
978 3614 1133 3676 magnum
1176 3625 1215 3657 en
1233 3573 1346 3662 otiliss

148 3696 329 3760 thesaurum
362 3696 401 3758 ab
423 3694 485 3759 alia
508 3694 638 3758 ecclesia
660 3709 692 3759 et
713 3696 789 3760 illuc
813 3695 937 3780 lugiens
960 3717 1035 3761 cum
1062 3698 1131 3763 the·
1185 3664 1311 3722 mm

148 3820 242 3864 sauro
277 3800 404 3863 habebit
441 3802 482 3863 ad
523 3820 652 3863 sensum
690 3801 872 3886 expositum
908 3801 1132 3867 omnimodam

146 3905 328 3969 libertatem.
376 3906 416 3968 Et
439 3904 561 3969 dictum
588 3919 636 3970 est
659 3905 738 3968 mihi
761 3906 849 3990 quod
873 3905 934 3988 sic;
966 3920 1036 3971 tum
1058 3906 1133 3992 quia

146 4010 240 4073 verba
260 4008 412 4095 privilegii
430 4030 448 4071 a
464 4008 581 4094 quibus
605 4029 671 4072 non
695 4010 767 4075 licet
788 4010 934 4074 recedere
948 4012 1134 4098 generaliter

186 4265 219 4311 23.
244 4269 267 4313 Α
291 4268 315 4313 ln
340 4278 426 4322 marg-s
457 4264 542 4311 Cssuc
649 4277 686 4324 sq.
715 4269 738 4312 Α
760 4266 783 4311 in
811 4276 899 4322 marga
926 4266 1005 4313 Priore
1032 4268 1132 4327 questlo.

145 4336 232 4393 solo.
246 4335 277 4380 Ba
292 4336 311 4383 sl
326 4335 461 4394 predicans.
565 4334 599 4382 32.
614 4331 649 4383 33.
664 4334 694 4383 Βι
710 4335 849 4381 omnimode
863 4334 977 4383 libertate.
1010 4390 1015 4397 ,
1129 4395 1132 4400 ¹

1345 4222 1380 4280 'x
