3262 5226
403 473 570 569 mauu]
790 497 836 551 nu
852 495 1034 551 masta.

302 687 328 740 Δ
342 682 401 737 ι5ο·
410 663 568 725 honorent
584 653 780 719 meretricem
802 675 910 718 secum
933 653 1109 717 adulteram
1131 667 1295 739 tamquam
1315 655 1397 740 regi·

411 784 486 829 nam
509 776 540 827 et
561 774 697 824 matrem
718 757 861 824 fidelium
878 778 1032 845 sponsam
1048 755 1174 822 Christi.
1191 759 1283 823 Unde
1305 759 1396 824 istam

410 866 606 936 sentenciam
624 867 664 929 de
679 864 835 950 quiditate
857 879 965 929 sancte
988 861 1098 927 matris
1120 862 1248 927 ecclesie
1262 877 1398 948 oportet

410 989 447 1040 ut
468 972 714 1036 fundamentum
736 989 928 1054 supponere,
951 981 988 1031 ut
1009 966 1125 1032 sciatur
1146 968 1203 1053 qui
1228 983 1399 1053 procurant

385 1099 468 1164 spro
499 1076 568 1141 eius
597 1074 679 1138 veris
709 1073 881 1158 privilegiis
913 1087 944 1138 et
975 1073 1031 1159 qui
1054 1074 1253 1157 degenerant,
1276 1073 1310 1137 in
1332 1095 1397 1160 quo

340 1201 401 1256 150¹
410 1180 553 1248 consistit
575 1199 686 1243 verum
712 1178 914 1263 privilegium
929 1178 949 1214 “
964 1198 1001 1242 ae
1024 1175 1185 1241 edificacio
1212 1176 1340 1243 ecclesie
1366 1191 1398 1242 et

410 1288 442 1351 in
464 1305 532 1371 quo
555 1297 617 1348 stat
639 1283 706 1348 eius
721 1282 911 1367 oppositum
927 1282 1103 1346 secundum
1119 1280 1217 1346 fidem
1235 1280 1397 1366 scripture,

410 1406 441 1456 et
463 1392 502 1454 de
524 1387 722 1472 congruitate
745 1400 846 1452 status
869 1387 1016 1452 moderni
1039 1385 1072 1449 in
1094 1387 1335 1472 comparacione
1357 1389 1397 1452 ad

410 1496 523 1559 florem
545 1492 636 1558 etatis
659 1492 788 1556 ecclesie
810 1491 897 1555 iuxta
913 1492 1047 1556 modum
1062 1491 1214 1577 loquendi
1235 1490 1396 1578 scripture.

374 1622 401 1676 B
453 1599 515 1663 Sed
537 1597 571 1660 in
593 1597 653 1661 ista
675 1597 807 1662 materia
829 1611 904 1661 sunt
926 1596 1058 1682 quidam
1081 1595 1224 1660 moderni
1252 1597 1397 1662 doctores
1418 1610 1495 1658 some
1509 1613 1606 1679 ‚aqam

409 1702 622 1788 approbantes
657 1702 860 1766 mendacium
893 1715 925 1767 et
955 1702 1093 1767 dicentes
1129 1703 1219 1787 quod
1254 1701 1398 1766 veritates
1407 1666 1607 1780 ”ipiiii'i'iais‘e'

409 1809 485 1872 tales
508 1806 662 1893 scripture
684 1828 751 1871 non
775 1819 850 1871 sunt
872 1807 1006 1872 dicende
1029 1823 1099 1872 tum
1121 1821 1250 1891 propter
1275 1771 1607 1892 penne-⁰⁹¹⁰2⁰222,‘'⁶

408 1912 574 1976 bacionem
607 1912 746 1994 ecclesie,
785 1927 855 1977 tum
887 1912 989 1976 eciam
1020 1926 1150 1997 propter
1181 1912 1298 1976 scelera
1334 1933 1397 1997 que

408 2018 514 2082 hostes
548 2017 676 2082 ecclesie
698 2037 737 2081 ex
759 2038 871 2082 eorum
895 2017 1028 2082 audacia
1050 2031 1273 2102 perpetrarent.
1304 2019 1398 2083 Unde

368 2122 551 2205 ,5arguitur
573 2138 604 2188 et
626 2137 751 2187 tenetur
774 2124 863 2207 quod
886 2124 1033 2187 doctores
1055 2122 1158 2186 vocati
1180 2143 1217 2187 ex
1244 2124 1396 2187 mandato

407 2228 530 2291 domini
553 2228 633 2312 regis
655 2242 686 2292 et
708 2227 800 2293 iurati
823 2228 864 2292 ad
886 2227 1058 2292 dicendum
1078 2226 1242 2292 veritatem
1265 2229 1303 2292 de
1321 2247 1395 2292 casu

407 2332 461 2416 qui
495 2353 597 2418 nuper
629 2333 762 2419 contigit
791 2332 825 2395 in
848 2331 1137 2397 Westmonnsterio
1168 2333 1208 2396 ad
1238 2332 1394 2397 honorem

407 2437 475 2519 Dei,
498 2438 539 2500 ad
562 2438 731 2502 utilitatem
755 2437 885 2501 ecclesie
908 2453 940 2504 et
963 2438 1004 2501 ad
1027 2437 1291 2522 expurgacionern
1308 2459 1392 2504 erro·

407 2562 477 2605 rum
501 2543 533 2606 in
557 2563 666 2630 regno,
697 2555 735 2606 ut
766 2541 878 2606 exinde
905 2556 966 2608 stet
994 2543 1194 2608 constanciae
1215 2542 1249 2606 in
1270 2542 1395 2627 virtute,

365 2685 397 2722 20
407 2647 532 2710 mentiri
570 2649 744 2712 debuerant
783 2661 914 2732 propter
957 2649 1039 2713 duo:
1079 2647 1185 2733 primo
1216 2669 1277 2733 pro
1312 2647 1607 2735 sanator,1aeuae0

407 2772 463 2815 sua
490 2754 642 2816 servanda
669 2752 723 2839 qui
747 2766 877 2817 actenus
900 2752 1036 2837 reputati
1060 2767 1135 2818 sunt
1164 2753 1272 2818 hostes
1294 2724 1607 2827 eccle-⁰⁰⁸⁸titioii‘p'

407 2856 466 2938 sie;
482 2857 614 2943 quilibet
629 2873 736 2924 autem
748 2858 840 2922 debet
855 2855 1043 2942 diligencius
1052 2877 1172 2922 semare
1184 2855 1303 2921 lamam
1316 2878 1392 2944 pro·

406 2961 508 3045 priam
531 2982 630 3047 quam
653 2963 773 3027 lamam
804 2961 941 3027 alienam
962 2981 1023 3046 pro
1052 2982 1115 3047 qua
1142 2961 1177 3025 in
1204 2982 1279 3027 casu
1301 2983 1393 3027 meu·

406 3065 456 3129 tiri
479 3079 526 3130 est
547 3067 680 3132 licitum.
703 3067 853 3132 Secundo
869 3068 1045 3130 debuerant
1066 3065 1192 3130 mentiri
1211 3068 1252 3130 ad
1267 3087 1439 3174 conset-pr
1451 3081 1607 3178 uastant·

363 3186 396 3245 ‘25
406 3172 547 3234 vandum
570 3171 732 3258 privilegia
755 3170 967 3256 ecclesieque
990 3185 1093 3235 essent
1114 3171 1204 3237 aliter
1225 3172 1411 3263 destructq·
1429 3136 1607 3234 ilirincniiiii⁰

404 3275 533 3339 veritate
549 3277 671 3341 detecta
687 3276 826 3341 dominis
841 3276 1072 3361 temporalibus
1087 3290 1118 3341 et
1132 3277 1285 3362 patronis.
1307 3277 1393 3343 Cum

405 3395 512 3445 autern
528 3381 610 3446 dicta
626 3381 787 3467 privilegia
802 3382 865 3446 sint
879 3379 1092 3467 prestandora
1101 3381 1272 3467 quamvita
1286 3381 1392 3447 homi·

406 3485 454 3548 nis
477 3506 535 3571 pro
559 3507 622 3572 qua
636 3487 789 3551 servanda
803 3485 928 3551 licitum
948 3499 996 3550 est
1010 3485 1148 3568 mentiri,
1172 3486 1392 3572 multomagis

406 3591 583 3655 debuerunt
613 3591 738 3656 mentiri
770 3612 830 3676 pro
861 3591 924 3656 illis
955 3590 1126 3677 privilegiis
1158 3591 1391 3658 conservandis.

383 3713 398 3766 1
450 3696 618 3773 Quantum
648 3698 688 3762 ad
719 3695 913 3781 principium
946 3697 1030 3761 illius
1063 3696 1221 3762 sentencie
1240 3710 1329 3781 patet
1354 3717 1391 3761 ex

406 3813 539 3865 tractatu
571 3802 619 3864 De
646 3801 814 3865 Mendacio
850 3802 939 3887 quod
976 3816 1024 3867 est
1060 3802 1189 3866 cuilibet
1221 3799 1305 3866 lideli
1336 3802 1391 3866 de·

405 3905 547 3968 testabile
569 3919 606 3971 ut
621 3905 797 3971 hereticum
812 3920 843 3971 et
859 3905 1092 3990 blasphemum.
1114 3906 1198 3969 Nam
1213 3905 1239 3968 si
1262 3905 1391 3990 aliquod

405 4011 606 4075 mendacium
623 4011 663 4075 sit
684 4010 882 4077 meritorium
906 4025 937 4075 et
958 4010 1090 4096 aliquod
1110 4011 1391 4096 superhabundans

443 4244 460 4281 t.
474 4234 507 4280 Be
521 4234 640 4280 honorent
654 4234 820 4281 meretriciam.
912 4233 933 4280 5.
948 4232 980 4278 aa
994 4232 1058 4291 qaod
1078 4233 1129 4279 elas
1147 4234 1218 4281 retis.
1321 4234 1391 4289 aad

404 4303 427 4349 in
443 4316 531 4361 marus
547 4304 644 4363 Opinio.
748 4315 784 4350 aa.
803 4304 820 4349 ll
844 4304 867 4350 ln
889 4316 976 4362 ntargs
998 4302 1071 4352 Fatue
1090 4317 1162 4350 cause
1175 4304 1230 4350 lieet
1243 4301 1345 4349 mentlrl.
1359 4301 1390 4347 Be

404 4375 491 4432 quibas
505 4376 671 4421 eatemdebet.
777 4371 1073 4429 aucmentandum
1178 4373 1214 4421 Jo
1228 4374 1251 4419 Δ
1265 4371 1289 4419 ln
1303 4383 1389 4430 maren

403 4444 542 4502 Responslo.
564 4444 655 4491 Contra
669 4444 812 4493 sentenciam
826 4456 871 4505 que
885 4444 942 4489 dlclt
955 4443 1045 4490 lleltnm
1058 4452 1094 4490 est
1107 4445 1207 4498 meatlrl.
