3262 5226
298 528 369 577 cae.
385 508 439 602 tv]
640 562 645 570 .
682 522 729 576 οε
748 519 928 575 Εοοιεευ.

84 656 95 685 ἢ
186 712 217 765 1
229 715 290 776 ¹⁴0⁰
299 689 479 755 membrum
510 683 595 748 illius
626 677 764 743 ecclesie.
798 676 860 741 Sed
883 695 981 740 nemo
1013 675 1081 740 sine
1115 674 1286 740 formidine

297 795 348 858 vel
384 789 579 857 revelacione
616 796 767 849 assereret
802 779 890 866 quod
922 779 963 843 sit
992 779 1226 865 predestinatus
1256 793 1288 844 et

298 910 424 962 sanctus
446 894 513 958 sine
536 889 663 955 macula
689 888 741 952 vel
768 899 863 970 ruga:
886 904 963 967 ergo
986 883 1161 949 conclusio.
1193 883 1288 950 Unde

298 1002 396 1066 miror
418 1018 481 1085 qua
503 996 608 1060 ironte
635 992 736 1077 magis
762 989 988 1055 contendentes
1014 1009 1073 1072 pro
1096 989 1339 1074 proprietateter
1352 1000 1399 1047 nt·
1415 1001 1511 1051 essone

272 1107 457 1179 5bonorum
480 1098 620 1179 ecclesie,
644 1096 747 1181 magis
769 1093 951 1160 seculariter
972 1091 1126 1176 viventes,
1149 1093 1288 1180 elongati
1297 1053 1510 1156 vidssshiffire

297 1233 316 1274 a
339 1206 453 1274 Christi
477 1201 720 1270 conversacione
744 1215 775 1265 et
797 1200 870 1284 plus
892 1197 1012 1262 steriles
1033 1198 1073 1262 ab
1096 1198 1287 1264 execucione
1322 1159 1483 1258 ngpdpppa.

297 1311 414 1379 Christi
439 1307 562 1374 consilii
586 1321 617 1371 et
632 1304 771 1391 precepti
787 1303 859 1388 plus
881 1301 1050 1367 vendicant
1074 1301 1173 1368 titulo
1188 1303 1285 1389 parti·
1313 1297 1327 1324 ⁸

296 1417 371 1503 cipii
394 1415 476 1480 illius
499 1410 629 1478 ecclesie
656 1410 743 1475 bona
775 1407 905 1474 fortunii
938 1427 996 1493 per
1024 1406 1171 1473 accidens
1201 1409 1287 1473 adia·

297 1521 403 1587 rencia
429 1518 473 1582 illi
501 1517 641 1599 ecclesie,
663 1534 762 1602 quarn
786 1512 925 1577 iecerunt
946 1513 1085 1598 apostoli
1117 1514 1168 1577 vel
1190 1514 1289 1578 sancfi

257 1641 401 1712 10patres
423 1623 553 1708 priores.
576 1619 744 1706 Numquid
756 1618 914 1684 credimus
937 1617 1027 1703 quod
1042 1617 1086 1682 sic
1101 1616 1288 1704 placitantes

297 1744 372 1796 sunt
394 1728 492 1794 sancti
515 1726 584 1791 sine
606 1724 732 1790 macula
755 1723 896 1788 mortalis
917 1724 968 1788 vel
984 1743 1062 1809 ruga
1080 1719 1234 1791 venialis?
1255 1725 1290 1790 st

297 1836 407 1900 dicunt
433 1833 520 1920 quod
549 1830 604 1913 sic,
635 1827 776 1894 desercio
808 1826 924 1892 Christi
961 1827 1084 1893 consilii
1112 1849 1188 1893 cum
1216 1830 1289 1894 ocio

297 1938 395 2004 sancti
432 1935 528 2001 officii
561 1935 620 1999 hos
648 1935 874 2018 condempnat.
906 1932 962 1997 Jus
988 1931 1076 1997 enim
1108 1933 1290 2001 humanum

297 2065 363 2109 non
386 2044 439 2106 dat
461 2041 505 2104 eis
528 2039 659 2104 titulum
681 2038 786 2102 taliter
801 2037 1000 2120 vendicandi,
1023 2053 1055 2104 et
1077 2039 1128 2103 ius
1143 2039 1303 2105 divinum.

163 2121 168 2129 ¹
258 2150 390 2221 15docet
412 2145 500 2232 quod
522 2142 666 2229 rapinam
688 2143 849 2208 bonorum
864 2163 938 2206 curn
953 2142 1071 2228 gaudio
1094 2145 1290 2231 susciperent

297 2267 329 2317 ct
350 2273 412 2337 que
434 2271 491 2314 sua
512 2262 587 2313 sunt
610 2269 676 2312 noa
697 2246 743 2312 sic
766 2260 940 2333 repeterent
963 2247 1014 2334 (ut
1034 2262 1123 2334 patet
1141 2270 1210 2335 cap.
1232 2253 1289 2316 111ο

297 2380 335 2422 ex
349 2354 531 2421 testimonio
541 2352 623 2417 beati
635 2351 805 2437 Gregorii).
829 2353 906 2430 Quo
928 2351 998 2417 iure
1020 2373 1096 2438 ergo
1118 2355 1163 2421 sic
1178 2357 1289 2421 vendi·

297 2474 381 2542 cant,
397 2480 471 2524 cum
493 2458 625 2523 nitendo
647 2457 692 2521 sic
714 2456 760 2521 illi
782 2456 876 2522 titulo
897 2457 938 2520 ab
960 2459 1076 2523 eodem
1098 2479 1132 2523 se
1147 2458 1289 2545 privant?
1394 2533 1397 2538 .
1474 2514 1482 2522 .

298 2565 543 2630 Considerarent
566 2584 641 2648 ergo
664 2561 868 2626 condiciones
895 2577 1003 2627 sancte
1024 2564 1134 2631 matris
1149 2567 1288 2651 ecclesie,

136 2632 144 2685 ἶ
256 2705 288 2740 ιο
299 2685 470 2757 antequam
505 2666 663 2753 redarguti
686 2688 724 2731 ex
746 2667 877 2754 proprio
899 2688 997 2753 opere
1026 2684 1138 2737 contra
1170 2670 1287 2737 Christi

300 2774 430 2840 consilia
452 2772 497 2837 sic
519 2772 682 2838 instarent.

263 2916 290 2969 rt
343 2900 383 2962 Et
404 2912 561 2982 quantum
576 2897 617 2960 ad
631 2896 754 2961 dictum
769 2898 809 2961 de
821 2898 968 2962 Romana
980 2897 1120 2980 ecclesia,
1136 2919 1287 2985 suppono
1296 2901 1512 3017 elilim„

299 3004 386 3087 quod
403 3002 456 3065 illa
470 3001 593 3066 dicatur
608 3016 715 3066 sancta
730 3016 831 3066 mater
847 3001 977 3067 ecclesia
987 3002 1152 3086 catholica,
1169 3007 1511 3111 ³P⁰⁰⁸⁸2ffl2¹⁸c2ffi²

299 3106 426 3171 Christi.
451 3107 491 3170 Et
513 3120 600 3191 patet
623 3107 711 3191 quod
726 3107 779 3170 illa
802 3105 997 3190 diffunditur,
1013 3107 1197 3194 ubicunque
1212 3125 1287 3176 sunt
1302 3110 1502 3212 mig*

276 3212 405 3282 tlidcles
415 3211 633 3298 predestinati3
649 3213 735 3277 unde
751 3212 801 3299 (ut
817 3212 901 3297 tetigi
912 3211 1071 3296 superius)
1087 3213 1288 3295 Augustinus
1350 3175 1483 3266 16111110

299 3318 330 3380 in
341 3317 471 3404 epistola
479 3319 519 3382 ad
526 3319 712 3382 Dardanum
721 3340 790 3404 cap.
802 3319 870 3400 Xl0,
877 3339 1038 3402 exponens
1047 3319 1127 3383 illud
1135 3319 1288 3384 iohannis

298 3422 430 3503 xv111⁰‚
451 3443 498 3507 14,
522 3423 665 3507 Expedit
687 3433 722 3488 ut
748 3443 832 3488 unus
849 3424 945 3487 homo
961 3426 1124 3490 moriatur
1142 3445 1210 3511 pro
1223 3445 1287 3510 po·

294 3527 376 3608 pulo
391 3537 446 3592 etc.
460 3528 629 3613 Cayplras,
639 3528 752 3614 inquit,
759 3529 970 3612 prophetavit
983 3529 1070 3613 quod
1080 3530 1173 3596 Deus
1189 3531 1289 3616 filius

150 3699 155 3707 ,
299 3643 602 3718 suoscongregaret
611 3634 643 3697 in
655 3633 857 3717 artemidori,
867 3633 1023 3720 inquitin
1034 3636 1175 3719 aliquem
1186 3656 1286 3701 unum

142 3708 155 3815 f
258 3736 404 3806 solorum
428 3738 644 3820 corporalem,
665 3737 724 3802 sed
738 3738 954 3825 congregavit
968 3740 1001 3802 in
1018 3759 1119 3804 unum
1135 3742 1286 3831 spiritura

300 3850 332 3904 et
354 3860 452 3903 unum
476 3860 597 3925 corpus
619 3844 711 3907 cuius
735 3863 833 3907 unum
857 3852 956 3926 caput
978 3853 1026 3907 est
1054 3843 1212 3911 Uiriatus.
1240 3848 1287 3912 Ex

300 3966 366 4030 quo
388 3959 472 4030 patet
495 3947 585 4033 quod
611 3946 715 4011 unitas
744 3963 851 4013 sancte
877 3947 986 4013 matris
1014 3949 1145 4025 ecclesie
1166 3964 1227 4017 stat
1252 3951 1286 4017 iu

344 4161 376 4196 as.
390 4149 436 4196 ΑΒ
451 4151 473 4197 ln
490 4153 620 4211 megene
632 4151 878 4201 eenamcenam
892 4155 916 4201 la
930 4156 1286 4218 margrltomaaseecleslrest,

301 4220 433 4280 ubicunque
451 4230 504 4269 sunt
525 4224 613 4270 fideles.
666 4226 703 4273 2⁶.
724 4227 751 4272 ln
774 4226 845 4272 codd.
864 4227 925 4273 Alis
945 4236 998 4286 erp.
1013 4224 1085 4273 xvn.
1102 4229 1135 4286 Α,
1147 4227 1249 4275 conexit
1262 4227 1286 4274 11

302 4291 420 4349 margines
434 4291 474 4338 xl.
527 4305 563 4351 ²7·
578 4295 669 4343 cudda
683 4295 745 4344 xm
1202 4313 1205 4318 '

349 4485 389 4539 ²7·
408 4469 477 4540 Opp.
495 4428 648 4540 Auaron.
666 4473 697 4538 ll,
715 4471 779 4546 690.
