3262 5226
726 247 893 303 roamms
909 246 1055 301 wucur.
1209 221 1288 317 [car.
1301 241 1353 288 ιιι.

373 408 515 472 canonici
553 427 618 472 non
654 405 824 470 dimittitur
848 415 1019 489 peccatum
1054 404 1119 467 uisi
1158 405 1352 468 restituatur
1365 416 1464 472 106⁴0

373 514 529 594 adlatum,
554 531 622 575 non
637 511 723 595 quod
741 523 866 594 oportet
886 507 1074 594 spoliantem
1090 508 1251 572 restituere
1266 508 1351 570 idem

374 616 406 680 in
429 637 564 682 numero
589 614 674 679 iratri
697 636 766 696 suo,
789 616 843 680 sed
865 615 952 701 quod
976 611 1142 677 satisfaciat
1165 613 1352 677 omnimode

374 722 508 786 domino
530 719 666 805 capitali.
703 720 772 805 lpse
798 734 905 785 autem
945 721 1015 784 vult
1055 741 1092 783 ex
1129 712 1353 782 inflex'ibilitate

374 844 430 888 sue
452 823 574 889 iusticie
596 825 685 909 quod
699 825 821 890 debitor
836 823 1003 890 satisfaciat
1015 844 1105 889 servo
1129 845 1189 889 suo
1212 823 1380 888 debitums

179 957 258 1003 arm
272 957 342 1002 mn.
376 930 548 1014 corporale,
570 942 627 993 aut
649 928 705 992 sibi
728 929 907 1014 equivalens
922 929 1126 1011 restituendo,
1147 930 1197 993 vel
1219 927 1251 991 in
1273 948 1354 1012 pena

156 1009 367 1109 „mmm
378 1033 489 1098 inferni
512 1046 669 1119 perpetuo
684 1033 854 1099 serviendo.
878 1035 958 1097 ttlud
981 1048 1087 1098 autem
1107 1033 1274 1098 servicium
1289 1054 1353 1096 non

215 1115 239 1160 ³⁸
252 1115 307 1160 ω’·
378 1152 424 1203 est
445 1137 657 1219 meritorium,
679 1138 759 1203 sicut
780 1139 928 1203 meritum
950 1159 1017 1224 quo
1039 1138 1197 1222 impotens
1208 1136 1356 1201 satisfacit

379 1243 525 1306 creditori
547 1242 580 1305 in
595 1242 656 1325 via,
678 1245 732 1306 sed
755 1257 801 1307 est
823 1243 1059 1308 demeritorium
1081 1244 1267 1328 prodessem
1290 1263 1355 1306 cre·

377 1347 470 1411 ditori
494 1347 599 1429 beato,
622 1360 654 1410 et
676 1347 817 1411 crucians
832 1362 986 1432 perpetuo
1001 1348 1187 1412 creditorem
1207 1347 1355 1432 dampna·
1369 1371 1400 1408 ιο

377 1468 465 1537 tum;
498 1454 570 1517 ideo
598 1474 663 1517 non
691 1454 863 1518 satisfaccio
885 1457 939 1518 scd
962 1453 1140 1538 satispassio
1163 1453 1355 1516 nominatur.

377 1560 516 1625 Ulterius
532 1579 598 1622 non
615 1573 742 1644 oportet
756 1560 940 1643 theologum
963 1581 1075 1623 omnes
1089 1559 1172 1644 leges
1188 1558 1358 1622 hominum

377 1665 416 1728 de
439 1665 590 1728 servitute
614 1678 646 1728 et
666 1665 913 1749 manucapcione
936 1665 1100 1746 discutere,
1130 1665 1185 1727 sed
1214 1662 1288 1726 satis
1310 1675 1357 1725 est

378 1770 477 1832 dicere
508 1769 598 1854 quod
630 1769 746 1852 precise
778 1770 817 1833 de
847 1783 935 1833 tanto
968 1784 1043 1833 sunt
1079 1769 1282 1833 rationabiles
1317 1769 1356 1828 de

377 1887 499 1958 quanto
522 1887 704 1936 consonant·
721 1894 795 1937 cum
818 1895 902 1937 sacra
923 1873 1085 1959 scriptura.
1370 1879 1400 1932 ¹5

195 1998 215 2046 ⁵.
228 1998 280 2045 tue
293 1999 337 2044 tm
422 1978 547 2056 Quinto
570 1991 602 2041 et
624 1976 737 2042 ultimo
758 1999 940 2042 accusamur
961 2000 979 2041 a
1003 1980 1098 2063 vulgo
1121 2000 1177 2063 per
1197 1977 1394 2062 sompnia;P

168 2052 362 2150 u‘l'ieiisiiiii
381 2080 506 2165 fingunt
528 2083 616 2145 enim
639 2081 691 2145 filii
707 2082 801 2166 patris
821 2083 973 2146 mendacii
1005 2086 1171 2168 quomodo
1187 2084 1358 2147 revelatum

172 2156 260 2202 Μ
276 2157 365 2216 Μ’
381 2202 427 2252 est
460 2208 596 2270 regnum
619 2189 732 2272 Anglie
766 2190 893 2252 transire
916 2190 1061 2273 impune,
1100 2209 1267 2274 quousque
1299 2190 1357 2253 sub

380 2294 523 2376 quodam
561 2313 633 2376 rege
675 2293 807 2357 Ricardo
847 2294 972 2358 basilica
1011 2293 1281 2358 westmonasterii
1319 2294 1358 2357 sit

280 2427 287 2445 ν
381 2397 513 2480 polluta.
545 2397 634 2461 Alias
660 2411 766 2461 autem
788 2397 976 2462 variaciones
1003 2420 1083 2484 quas
1111 2399 1185 2461 false
1209 2396 1358 2461 lubricant
1369 2419 1403 2456 ιο

381 2521 445 2563 non
479 2515 608 2586 oportet
639 2500 690 2565 hic
722 2503 857 2584 recitare,
889 2523 963 2566 cum
991 2504 1193 2567 mendacium
1220 2502 1359 2566 dissonat

380 2604 437 2668 sibi
461 2605 532 2689 ipsi.
556 2606 649 2670 Unde
672 2606 822 2691 quicquid
844 2606 1007 2671 infortunii
1031 2628 1128 2692 regno
1147 2622 1257 2671 nostro
1280 2606 1359 2668 acci·

381 2709 461 2773 derit
492 2710 655 2793 applicant
681 2711 720 2772 ad
752 2710 921 2774 vindictam
951 2712 1008 2775 Dei
1041 2713 1079 2775 de
1111 2712 1164 2774 illo
1187 2710 1361 2774 homicidio

382 2812 414 2874 in
425 2814 604 2878 sanctuario
613 2828 800 2898 perpetrato,
817 2816 871 2878 sed
881 2816 1025 2881 nesciunt
1034 2815 1189 2900 applicare
1199 2815 1360 2901 sequelam

383 2917 441 2979 nisi
465 2939 523 3001 per
544 2919 708 2982 mendacia
730 2920 959 3004 sompniorum.
1373 2923 1405 2976 25

166 3038 290 3084 warenn·
317 3039 373 3083 ntae
428 3022 487 3086 Hic
517 3043 581 3085 non
617 3025 775 3087 contendo
809 3024 833 3085 si
862 3023 952 3088 suerit
978 3025 1039 3089 tale
1062 3026 1257 3109 sompnium,
1289 3025 1362 3109 quia

185 3092 358 3188 idisti?
384 3125 501 3190 scimus
530 3148 566 3190 ex
595 3126 656 3190 fide
681 3129 829 3212 scripture
863 3132 948 3214 quod
976 3144 1065 3214 pater
1091 3131 1244 3194 mendacii
1268 3132 1363 3216 agitat

187 3196 357 3292 luiiiiiiui'
386 3229 532 3294 fantasias
555 3230 697 3294 fidelium
725 3232 756 3295 in
788 3235 940 3317 sompnis,
972 3250 1007 3300 ut
1039 3257 1092 3298 eos
1124 3237 1282 3301 subvertat
1314 3238 1364 3299 vel

384 3334 752 3420 impediat*proiectum
767 3338 902 3404 ecclesie.
919 3341 1000 3403 Nam
1014 3341 1145 3405 Matthei
1160 3342 1303 3422 xxvtu,
1313 3343 1365 3423 69,
1378 3338 1439 3406 ¹⁶7⁵

385 3438 499 3522 legitur
543 3461 676 3503 uxorem
707 3442 796 3504 Pilati
829 3442 921 3506 luisse
958 3443 1083 3507 illusam
1112 3466 1131 3507 a
1163 3445 1293 3509 sathana
1325 3444 1409 3508 ad30

386 3543 627 3630 impediendum
665 3545 840 3629 proiectum
878 3547 1006 3611 ecclesie
1044 3570 1080 3611 ex
1111 3549 1223 3612 merito
1255 3549 1365 3612 mortis

386 3647 513 3713 Christi.
540 3649 658 3730 tvtcttt,
684 3651 794 3734 inquit,
816 3651 873 3713 tibi
898 3660 929 3715 et
955 3653 1038 3714 iusto
1061 3654 1125 3717 illi:
1156 3656 1256 3717 multa
1280 3654 1364 3717 enim

383 3771 488 3833 passa
511 3772 583 3815 sam
612 3755 709 3817 hodie
728 3774 793 3838 per
814 3757 917 3819 visum
940 3767 1081 3840 propter
1105 3777 1190 3823 erem.
1230 3757 1366 3821 Ulterius

427 3986 452 4027 4.
472 3975 517 4030 Αμ
542 3973 595 4031 lpse
616 3975 689 4019 enim.
791 3975 857 4020 tull
879 3973 902 4019 io
924 3987 997 4030 marg.
1019 3979 1186 4023 formauerat
1216 3976 1365 4034 Satlspassio.

390 4041 420 4087 13.
435 4045 465 4096 Α,
478 4054 538 4087 corr.
554 4043 577 4088 in
591 4057 680 4101 marga
696 4046 878 4102 mancipatione.
963 4045 996 4091 ¹⁶.
1010 4048 1033 4091 Α
1047 4047 1070 4091 in
1087 4058 1173 4104 murga
1187 4047 1276 4105 Qulnta
1290 4047 1367 4092 oblec-

387 4110 552 4224 elo.dcontre.
664 4114 701 4159 ad.
723 4118 743 4160 Α
764 4115 788 4160 ln
809 4127 895 4173 maras
918 4114 1058 4174 Responsio.
1165 4114 1197 4163 ³³.
1219 4117 1250 4161 uz
1274 4124 1370 4175 propter

388 4191 434 4226 eun
451 4193 498 4225 eta.
676 4189 679 4194 '
1161 4211 1163 4215 Α
