3262 5226
703 319 874 374 tonsurus
892 321 1041 384 wreus.
1227 298 1360 394 [caum.

372 479 414 544 de
436 479 566 544 iudicio.
597 478 651 541 De
659 487 796 560 peceato
819 476 1012 542 infidelitatis
1034 498 1096 563 que
1122 478 1361 544 antonomatice
1374 495 1474 552 ,amn

372 584 487 649 dicitur
517 595 697 669 peccatum,
719 582 807 665 'quio
838 604 903 646 aron
937 582 1147 647 crediderunt
1177 581 1211 646 in
1238 587 1363 669 patrem

373 710 476 776 neque
505 690 539 753 in
571 702 641 766 me,·
665 687 705 750 de
731 687 859 752 iusticia
881 708 981 772 quam
1003 688 1180 753 debuerunt
1201 686 1360 771 habuisse,

374 793 545 879 aspirando
567 813 642 857 cum
659 788 772 856 mediis
787 791 935 876 congruis
957 792 998 855 ad
1021 791 1155 875 patriam
1172 791 1361 874 naturalem,

374 900 449 983 quio
479 897 525 960 ad
547 905 680 981 patrem
716 895 819 973 vado,·
849 905 880 959 et
911 896 952 960 de
987 895 1106 961 iudicio
1138 916 1204 981 quo
1243 910 1387 970 temeres

374 1002 562 1066 arbitrantur
597 1002 715 1084 dogma
753 999 866 1063 mundi
906 1014 1001 1086 atque
1038 1000 1154 1065 diaboli
1197 1001 1363 1065 ardencius

377 1106 583 1190 diligendum,
607 1124 679 1168 cum
698 1105 857 1188 princeps
880 1104 1030 1169 arandi*
1051 1106 1214 1169 iudicatus
1236 1117 1284 1168 est
1305 1120 1436 1188 peras·

375 1210 539 1276 Christum
561 1211 729 1273 docentem
751 1208 949 1293 oppositum.
973 1208 1016 1272 Et
1037 1209 1080 1273 sic
1103 1209 1253 1292 opposita
1276 1208 1361 1292 fidei,

378 1315 444 1400 spei
477 1328 509 1379 et
541 1312 676 1377 caritatis
709 1334 772 1398 que
803 1314 1086 1398 corresponderent
1123 1334 1180 1398 per
1215 1315 1363 1379 ordinem

378 1418 506 1483 trinitati
531 1420 707 1503 dampnant
729 1416 884 1501 prescitos
906 1418 939 1481 in
963 1416 1049 1481 finali
1071 1418 1190 1483 iudicio
1214 1416 1264 1505 (ut
1287 1419 1408 1487 aliasro

161 1536 205 1582 sar
219 1522 489 1588 ermonense
520 1520 679 1608 exposui).
710 1522 785 1585 Non
817 1522 904 1585 enim
936 1521 1000 1585 vidi
1034 1522 1065 1585 in
1096 1537 1207 1586 sancto
1235 1523 1365 1588 Thomn

183 1593 241 1634 does
254 1596 351 1646 ootsay

161 1628 428 1739 ffigl‘fflssld
458 1628 523 1691 alio
555 1628 686 1691 doctore
717 1626 873 1710 probabili
906 1629 996 1712 quod
1030 1640 1135 1691 totum
1162 1627 1240 1691 illud
1262 1648 1365 1712 genus

163 1745 202 1790 ane
216 1760 239 1791 m
267 1733 433 1842 rimpased
463 1752 537 1817 pars
568 1731 636 1794 eius
666 1731 877 1816 predestinata
900 1731 940 1796 sit
962 1747 1069 1796 sancta
1102 1746 1202 1795 mater
1224 1731 1364 1814 ecclesia,

164 1798 496 1921 ildlrnrlniisponsa
529 1835 648 1901 Christi
678 1849 709 1899 et
739 1835 926 1899 universalis
958 1837 1009 1899 vel
1042 1836 1195 1900 catholica
1225 1835 1365 1920 ecclesia,

188 1904 349 1958 mm*
378 1962 495 2026 corpus
528 1940 645 2006 Christi
676 1939 839 2005 misticum
871 1941 911 2004 de
942 1961 1009 2026 quo
1037 1941 1190 2024 scriptura
1213 1941 1364 2026 loquitur.
1378 1954 1408 2009 15

379 2045 421 2110 Et
442 2046 487 2109 de
509 2044 578 2110 tali
600 2059 657 2110 est
679 2044 789 2109 nobis
812 2065 947 2111 sermo.

423 2151 500 2215 Non
523 2166 677 2236 repugnat
694 2171 769 2234 ergo
784 2149 1006 2234 equivocnndo
1029 2169 1139 2213 vocare
1161 2170 1277 2234 corpus
1300 2151 1366 2214 dia·

382 2254 446 2319 boli
468 2256 635 2321 ecclesiam
649 2255 775 2334 Christi,
798 2268 835 2320 ut
849 2255 955 2341 posito
970 2256 1058 2340 quod
1073 2276 1137 2319 una
1152 2255 1366 2319 communitas

382 2360 606 2426 nominetenus
634 2360 819 2426 clericorum
850 2361 984 2446 prestita
1011 2362 1155 2425 credatur
1180 2380 1247 2424 esse
1270 2360 1367 2443 parti·

382 2464 495 2528 cularis
509 2464 650 2547 ecclesia,
665 2465 737 2529 licet
751 2465 932 2530 committat
947 2479 1073 2549 peccata
1083 2478 1368 2549 quantumcunque
1379 2493 1412 2530 so

382 2569 535 2633 enormia.
552 2570 647 2634 Tunc
661 2570 775 2654 vulgus
789 2583 917 2654 reputat
931 2590 1003 2633 eam
1017 2589 1083 2632 esse
1098 2568 1272 2649 ecclesiam,
1291 2590 1370 2653 ymo

383 2673 518 2758 quilibet
539 2694 652 2738 eorum
679 2674 787 2738 asserit
815 2676 903 2758 quod
931 2687 1060 2758 propter
1081 2673 1227 2737 ordinem
1250 2686 1297 2737 est
1324 2673 1372 2737 vir

335 2768 340 2779 ’
383 2793 489 2842 sancte
523 2779 632 2843 matris
665 2777 803 2860 ecclesie,
840 2778 966 2842 racione
1003 2777 1092 2842 cuius
1127 2777 1210 2842 tituli
1245 2791 1371 2842 excecat

385 2883 555 2966 populum,
571 2883 603 2946 in
620 2881 692 2964 fide,
708 2881 815 2946 oilicio
831 2897 863 2946 et
873 2882 1012 2968 ypocrisi
1026 2882 1153 2946 indubie
1169 2881 1370 2964 menciendo,

384 2987 460 3070 quia
482 2987 526 3050 sic
549 2987 635 3051 idem
659 2987 738 3051 loret
760 2987 856 3051 simul
878 2988 1059 3051 membrum
1074 2985 1189 3050 Christi
1212 3001 1243 3050 et
1265 3007 1368 3050 mem·
1381 3001 1413 3054 25

386 3092 479 3154 bmm
501 3092 630 3172 diaboli,
654 3091 781 3155 ecclesia
804 3105 988 3154 sanctorum
1003 3105 1034 3154 et
1049 3090 1177 3153 ecclesie
1194 3091 1369 3173 malignan-

386 3195 481 3261 cium.
498 3195 592 3258 Tales
616 3196 703 3258 enim
718 3196 792 3259 dicit
803 3196 947 3259 Thomas
962 3195 1062 3258 eciam
1078 3196 1224 3259 membra
1239 3198 1373 3260 ecclesie

385 3300 417 3362 in
430 3303 595 3384 potencia,
610 3301 858 3385 licetnunquam
876 3299 1132 3364 reducanturad
1146 3310 1266 3364 actura.
1282 3305 1330 3362 Ac
1347 3300 1372 3362 si

386 3403 540 3468 diceretur
555 3405 633 3468 illud
649 3405 742 3469 habet
756 3405 939 3491 potenciam
959 3425 996 3466 ex
1012 3403 1202 3467 sulficiencia
1217 3403 1373 3488 passionis

387 3505 501 3572 Christi
526 3524 557 3572 et
578 3523 734 3593 potestate
757 3509 805 3571 sui
826 3508 945 3573 arbitrii
966 3528 1033 3571 csse
1048 3509 1229 3571 membrum
1245 3507 1372 3589 Christi,
1383 3524 1417 3576 30

387 3631 461 3674 cum
484 3627 590 3675 tamen
614 3614 699 3677 nude
721 3613 762 3676 sit
783 3615 965 3677 membrum
983 3612 1239 3697 congregacionis
1254 3611 1372 3674 haben·

387 3714 473 3778 cium
499 3714 594 3780 fidem
624 3717 804 3800 informem,
831 3718 904 3782 licet
931 3738 1097 3803 nunquam
1124 3717 1165 3781 sit
1191 3717 1373 3780 membrum

389 3820 530 3904 corporis
553 3821 669 3886 Christi
694 3822 819 3886 mistici.
851 3822 913 3886 Sed
938 3843 977 3886 ne
1000 3844 1059 3908 ego
1082 3822 1226 3884 laborem
1246 3820 1279 3882 in
1307 3819 1374 3884 istis

432 3999 449 4035 ι.
464 3986 554 4035 cedde
569 3990 762 4037 nntonornastice.
833 3992 865 4036 16.
880 3994 903 4036 Α
915 3993 939 4037 ln
954 4004 1041 4050 marg:
1056 3989 1226 4051 Eqnivocrndo
1238 3990 1377 4036 eoncedltnr

388 4069 479 4116 corpas
493 4060 581 4106 diaboli
599 4073 653 4105 esse
670 4063 791 4107 ecclesium
799 4061 896 4107 Christi.
915 4061 971 4108 Bln
985 4075 1071 4120 marg:
1091 4061 1196 4109 Ecclesia
1209 4059 1296 4107 Christi
1314 4072 1375 4107 nun·

388 4128 504 4185 cnpative.
584 4128 617 4175 23.
632 4129 663 4174 Ba
677 4131 774 4176 ecclesie
788 4131 894 4176 Romane
908 4131 983 4177 cuins.
1054 4145 1088 4187 η.
1104 4135 1125 4178 Α
1139 4133 1162 4177 in
1178 4142 1264 4186 marg:
1278 4129 1376 4176 Prescltl

389 4198 512 4253 quomodo
533 4208 586 4244 sunt
607 4199 631 4244 ln
653 4200 761 4255 potencia
789 4200 923 4245 membrum
943 4201 994 4256 (sic)
1016 4199 1102 4245 Christi
1127 4198 1258 4244 secundum
1281 4198 1375 4244 bentnm

388 4262 516 4312 Thomnm.
538 4266 556 4311 B
569 4268 592 4315 in
607 4279 694 4326 marga
707 4269 807 4315 Sanctus
820 4267 936 4315 Thomas.
1015 4265 1048 4313 32.
1060 4266 1090 4313 Ba
1104 4267 1214 4313 formem.
