3262 5226
471 474 545 521 car.
565 453 667 547 aaut]
860 476 909 529 na
926 476 1109 530 secamur.

358 656 390 710 Β
404 670 456 722 ‚07
457 636 599 719 ·paliter
624 635 751 699 solvere
781 648 1021 718 expresserunt.
1068 576 1165 698 Unde
1188 646 1319 699 sauctus
1341 577 1494 695 Thomas
1531 640 1570 688 sa
1538 639 1631 737 mk

482 739 694 802 conclusione
735 740 878 802 secunda
908 738 1034 801 articuli
1067 736 1172 816 tercii,
1207 735 1239 800 d
1275 735 1348 818 XX,
1380 736 1493 820 quarti
1509 744 1626 842 Q?

480 844 556 907 libri
598 859 709 907 movet
747 844 898 923 dubium,
945 857 1056 904 utrum
1109 839 1316 923 indulgencie
1359 852 1522 905 tantum⁰
1505 848 1535 892 ⁰1
1552 849 1624 894 ¹¹⁶¹!

482 949 593 1013 valent
614 956 775 1033 quantum
792 945 1064 1029 pronunciantur,
1090 957 1124 1007 et
1140 944 1307 1025 arguendo
1322 944 1362 1005 ad
1380 956 1494 1026 partes

398 1044 402 1051 ¹
459 1055 600 1123 §recitat
616 1052 806 1136 opinionem
824 1049 1083 1133 quadruplicem.
1107 1048 1257 1124 Quarum
1283 1048 1386 1130 prima
1409 1045 1623 1152 ἀὶεἰῐῒῑὲζῆ
1617 1076 1621 1086 ·

486 1159 575 1241 quod
600 1155 805 1237 indulgencie
838 1173 905 1215 non
929 1166 1056 1215 tantum
1083 1153 1192 1215 valent
1219 1164 1380 1235 quantum
1413 1170 1493 1233 pro·
1574 1159 1624 1204 tn*

488 1261 697 1337 nunciantur,
729 1260 786 1321 sed
822 1256 957 1320 ecclesia
994 1255 1035 1317 ad
1059 1255 1153 1318 boc
1145 1270 1189 1318 tta
1212 1253 1419 1339 pronunciet,
1454 1268 1495 1317 ut

490 1364 633 1449 quadam
668 1362 720 1445 pia
754 1359 869 1424 lraude
903 1360 1053 1423 homines
1085 1359 1127 1422 ad
1161 1355 1424 1422 beneficienciam
1460 1373 1495 1422 et

490 1465 776 1532 honorificentiam
802 1466 933 1545 alliciat,
957 1464 1041 1528 sicut
1064 1476 1170 1529 mater
1193 1465 1388 1547 promittens
1411 1461 1496 1526 salse

451 1571 561 1643 ,ofilio
595 1589 729 1654 pomum
758 1571 809 1634 vel
837 1569 925 1632 aliud
958 1569 1148 1632 delectabile
1179 1568 1221 1631 ad
1254 1567 1495 1631 ambulandum

495 1688 662 1761 provocat.

462 1800 487 1854 s
542 1778 606 1845 Sed
640 1776 690 1863 (ut
722 1776 814 1864 dicit)
847 1777 1066 1862 periculosum
1091 1793 1140 1843 est
1163 1778 1209 1840 sic
1232 1777 1353 1858 dicere,
1381 1776 1496 1860 primo
1525 1784 1615 1830 aaut·

498 1885 575 1969 quia
598 1883 683 1946 scola
706 1883 766 1946 ista
788 1898 836 1946 est
860 1883 960 1966 patris
983 1883 1155 1963 mendacii,
1179 1882 1236 1945 sed
1259 1882 1320 1945 lob
1339 1879 1446 1962 x1110,
1471 1902 1494 1967 7
1554 1837 1624 1893 ’ψ

499 1989 631 2052 dicitur:
655 1986 823 2072 Numquid
843 1987 936 2051 Deus
958 1986 1079 2072 indiget
1109 1987 1280 2052 mendacio
1305 1995 1423 2062 vestro,
1457 1995 1497 2048 ut

458 2112 561 2177 1spro
588 2112 625 2157 eo
649 2093 849 2177 loquamini?
882 2093 975 2172 Item,
1007 2093 1051 2156 sit
1083 2094 1195 2158 dicens
1226 2105 1375 2179 peccaret
1398 2090 1432 2153 in
1457 2110 1495 2155 ae

500 2199 679 2262 mortaliter
711 2212 744 2262 et
775 2198 866 2261 daret
897 2198 1101 2262 occasionem
1133 2196 1304 2262 diffidendi
1333 2197 1374 2258 de
1405 2214 1493 2280 quo·

500 2325 627 2389 cunque
644 2304 729 2367 dicto
740 2303 884 2368 veliacto
898 2304 1015 2388 prelati
1034 2303 1176 2367 ecclesie.
1194 2302 1278 2367 Nam
1295 2301 1321 2364 1·
1335 2300 1491 2365 Corinth.

500 2408 587 2488 ΧΨ,
626 2428 662 2490 ι4
688 2409 764 2472 dicit
787 2409 981 2493 Apostolus:
1015 2409 1050 2473 St
1080 2409 1189 2473 inanis
1221 2417 1271 2472 est
1301 2404 1494 2490 predicacio

500 2523 625 2591 nostra,
640 2513 745 2578 inanis
767 2524 815 2578 est
835 2525 868 2578 et
878 2513 970 2599 fides
989 2525 1112 2580 nostra.
1129 2513 1221 2578 Talis
1236 2527 1344 2576 autem
1369 2509 1492 2575 laisum

499 2723 639 2786 secunda
672 2737 761 2808 parte
798 2724 913 2788 beatus
947 2725 1151 2809 Augustinus
1187 2723 1324 2808 epistola
1360 2722 1491 2786 decima

499 2846 584 2889 nona
617 2829 731 2911 probat
765 2829 862 2894 beato
884 2829 1059 2915 leronymo
1092 2829 1194 2913 quod,
1219 2829 1245 2893 si
1271 2829 1304 2891 in
1327 2827 1492 2911 scriptura

498 2951 587 2994 sacra
611 2933 901 3016 deprehenderetur
924 2934 1045 3018 aliquid
1069 2932 1229 3016 salsitatis,
1253 2935 1353 2996 robur
1375 2946 1489 2996 aucto·
1517 3012 1522 3019 Ι

497 3035 600 3100 ritatis
613 3039 769 3123 scripture
788 3039 918 3124 periret.
940 3039 1030 3117 ltem‚
1047 3058 1121 3102 cum
1143 3037 1335 3122 promittens
1358 3037 1485 3101 donum

451 3141 661 3223 asapirituale
704 3145 805 3227 magis
849 3146 1013 3227 obligatur
1049 3163 1087 3207 ex
1124 3142 1342 3228 promissione
1383 3161 1486 3226 quam

461 3290 466 3300 .
496 3246 712 3329 promissione
738 3251 914 3334 corporalis
945 3249 1094 3334 pecunie,
1127 3249 1276 3335 sequitur
1299 3247 1388 3332 quod
1416 3245 1486 3329 epi·

265 2410 270 2449 l

265 2460 275 2743 l
456 2651 490 2689 20
500 2617 669 2701 predicans
692 2619 941 2704 dampnabiliter
962 2633 1097 2683 evacuat
1122 2639 1140 2682 a
1164 2638 1199 2683 se
1223 2616 1332 2682 fidem.
1360 2617 1403 2681 Et
1425 2637 1492 2700 pro

270 2754 277 2929 l

492 3369 611 3435 scopus
632 3353 805 3419 literatorie
834 3356 881 3420 sic
913 3355 990 3419 salse
1030 3355 1225 3438 promittens
1262 3351 1486 3433 indulgentias

491 3456 617 3539 obligat
648 3481 683 3523 se
715 3460 754 3522 ad
790 3461 981 3524 solvendum
1020 3458 1208 3522 thesaurum
1242 3457 1323 3520 Deo.
1361 3453 1486 3519 Caveat

491 3579 570 3641 ergo
595 3563 765 3650 episcopus
785 3567 825 3628 de
842 3564 1013 3630 indiscreta
1036 3577 1069 3628 et
1090 3575 1344 3647 presumptuosa
1358 3558 1482 3641 obliga·

444 3663 582 3730 sacione
606 3669 644 3730 ad
668 3669 812 3735 dandum
836 3671 1026 3735 thesaurum
1047 3667 1185 3749 domini,
1208 3666 1284 3751 quia
1307 3663 1369 3728 boc
1391 3663 1482 3726 vide·

487 3779 541 3831 tur
557 3773 657 3858 magis
686 3774 893 3859 dampnabile
910 3794 1009 3859 quam
1027 3772 1183 3839 talentum
1196 3769 1255 3833 Dei
1271 3768 1481 3850 abscondere,

522 4000 553 4044 r7.
567 3992 590 4037 Δ
604 3989 635 4036 lla
655 3990 712 4037 cor.
729 3990 782 4037 XV.
889 4001 920 4036 aa.
943 3989 1010 4036 ata
1030 4003 1118 4048 marga
1144 3989 1296 4047 nanninus
1312 3989 1345 4036 lb.
1363 3989 1387 4036 la
1406 3986 1479 4035 aodd.
1553 3973 1557 3981 ¹

479 4061 582 4116 epistola
592 4059 633 4106 lx.
642 4058 748 4106 Correal.
801 4057 927 4117 allum
941 4059 1080 4107 thesauram
1094 4060 1197 4108 domial.

522 4235 545 4271 a.
565 4219 593 4270 8
612 4216 736 4270 'lbomae
754 4217 868 4271 Summa
884 4218 969 4272 theol.
988 4220 1128 4289 Supplern.
1146 4220 1242 4273 tertiae
1260 4219 1352 4289 partia,
1369 4217 1477 4288 questio

473 4301 584 4359 xxvtt
607 4303 679 4375 Opp.
703 4316 769 4357 tom.
786 4306 833 4371 Vl,
862 4320 925 4375 pap
947 4304 993 4377 7⁶·
1101 4323 1144 4359 aa.
1168 4306 1241 4376 Opp.
1265 4310 1334 4376 Aua.
1356 4316 1422 4359 tom.
1445 4305 1477 4370 ll.

469 4403 533 4457 pap
556 4407 615 4463 190.
634 4390 759 4462 Epistola
777 4393 902 4446 axxxtl
923 4392 1000 4460 (aliea
1017 4392 1094 4460 xlx..

1328 4476 1380 4516 Μ
