3262 5226
700 499 870 551 tonsurus
888 500 1037 551 wrcen.
1103 575 1106 582 Ι
1211 477 1362 570 [cenna.

374 657 449 734 Quo
472 677 625 720 concesso
647 655 803 720 concessit
826 655 870 718 eis
894 655 1093 738 privilegium
1117 669 1362 739 consequenter:
1377 667 1477 722 riri<

376 759 527 842 Calicem,
550 760 664 844 inquit,
690 779 794 823 meum
811 758 932 841 bibetis,
955 759 1070 824 sedere
1092 769 1198 822 antem
1216 760 1262 823 ad
1284 760 1362 823 dex·

372 874 476 928 terant
500 865 676 929 meamne!
697 866 865 930 sinistram
889 884 954 927 non
978 876 1026 928 est
1040 884 1146 928 ineunt
1163 866 1245 928 dare
1259 864 1360 940 nobis,

372 968 429 1031 sed
449 969 564 1053 grtibns
580 978 740 1051 peratum
763 978 811 1034 est
833 989 853 1031 a
870 978 970 1051 patre
992 987 1073 1034 meo.

414 1073 518 1157 Super
539 1094 605 1157 quo
622 1072 849 1153 Crisostomus,
872 1071 1000 1136 Omelia
1021 1074 1155 1136 XXXV⁰
1178 1071 1293 1155 Operis
1311 1072 1403 1136 int(

372 1175 512 1260 perfecti,
528 1191 617 1241 notet
631 1177 737 1261 primo
750 1178 839 1262 quod
849 1177 996 1242 diabolus
1012 1176 1065 1261 qui
1083 1177 1207 1240 seduxit
1222 1176 1363 1260 primurn
1373 1199 1394 1239 a

373 1281 477 1344 virum
506 1302 563 1364 per
594 1280 748 1344 feminam
779 1282 883 1345 movit
904 1296 940 1345 ut
968 1281 1041 1345 dicti
1071 1281 1208 1364 apostoli
1232 1282 1362 1345 seduce-

373 1399 481 1449 rentur
501 1406 558 1470 per
578 1384 739 1452 feminam
764 1387 861 1449 Notat
875 1385 1017 1450 secundo
1033 1385 1201 1470 quomodo
1218 1384 1394 1449 Christusb

373 1488 509 1574 dirigens
531 1510 713 1553 sermonem
735 1491 775 1554 ed
798 1489 870 1552 illos
892 1489 1067 1572 discipulos
1091 1491 1184 1553 docet
1207 1490 1297 1574 quod
1319 1489 1362 1552 illi

373 1613 410 1656 ex
432 1614 506 1660 cece
528 1594 774 1679 presumpcione
795 1608 891 1679 utque
915 1594 1048 1676 superbe
1064 1593 1240 1677 primatum
1256 1595 1363 1679 cuipa-
1380 1620 1411 1655 ιο

373 1697 477 1761 biliter
508 1698 681 1782 pecierunt,
716 1698 804 1763 nfiter
837 1698 923 1762 enim
956 1720 1022 1762 non
1063 1697 1227 1761 direxisset
1258 1698 1363 1761 omni·

373 1802 474 1865 sciens
483 1803 714 1887 increpativum
725 1823 905 1866 sermonem
917 1806 957 1866 ed
969 1803 1040 1865 illos
1050 1801 1224 1886 discipulos
1237 1801 1366 1866 dimisse

373 1906 491 1971 femine
505 1922 711 1991 procurante:
735 1908 886 1983 Nescitis,
906 1906 1020 1992 inquit,
1044 1906 1124 1990 qnid
1133 1907 1265 1988 petatis.
1289 1906 1364 1970 ideo

374 2011 450 2076 dicit
486 2011 733 2076 Cristostomus:
775 2011 804 2076 Ο
839 2031 938 2076 error
974 2011 1130 2076 salutaris
1169 2013 1225 2094 qni
1260 2013 1363 2077 tocius

373 2115 486 2180 mnndi
521 2118 616 2181 soinit
652 2135 809 2181 errorem.
849 2115 885 2179 Si
921 2117 1005 2180 enim
1044 2117 1183 2198 apostoli
1215 2135 1281 2179 non
1314 2118 1405 2181 sicis
1448 2112 1451 2117 ’

373 2231 548 2301 errassent,
572 2221 658 2285 unde
681 2239 741 2284 nos
763 2239 961 2305 cognoscere
976 2232 1169 2303 poteramus
1191 2220 1277 2305 qnod
1298 2241 1361 2284 non

372 2343 469 2388 mnne
500 2325 587 2409 qnod
621 2324 749 2388 ridetur
784 2325 900 2388 bonurn
925 2323 1115 2389 desiderare
1145 2324 1264 2388 bonmn
1287 2326 1364 2389 est?

376 2430 459 2492 Cnns
475 2430 560 2492 enim
576 2432 699 2493 scimus
714 2429 801 2512 qnod
815 2429 909 2492 alind
923 2440 971 2492 est
987 2449 1068 2511 opns
1084 2429 1202 2492 bonnm
1219 2441 1250 2515 et
1273 2429 1364 2493 alind

369 2537 536 2616 primatus
556 2536 698 2598 horroris.
722 2533 765 2597 Et
786 2554 868 2617 opus
891 2534 1019 2618 quidem
1036 2534 1153 2597 bonurn
1175 2534 1364 2600 desiderare

375 2639 491 2701 bonnm
513 2649 572 2718 est,
590 2640 769 2720 prinmtnrn
794 2649 900 2702 antem
925 2640 1058 2703 honoris
1080 2642 1210 2703 vanitas
1233 2649 1289 2703 est.
1375 2663 1408 2700 ιο

156 2747 174 2791 1’
188 2745 389 2801 'misisse
418 2741 533 2805 Tercio
556 2743 736 2807 notandum
758 2744 846 2828 quod
869 2743 933 2805 sive
957 2743 1093 2827 apostoli
1117 2765 1220 2807 errore
1242 2744 1392 2809 seductio

186 2798 264 2842 estred
278 2798 301 2842 in
321 2798 355 2843 is·

179 2850 341 2947 ”ffiaessh
374 2846 538 2929 pecierunt
560 2846 734 2930 primatum
758 2847 790 2910 in
814 2868 911 2930 regno
927 2849 1094 2931 temporali
1121 2847 1187 2910 sive
1209 2848 1242 2910 in
1266 2869 1364 2932 regno

374 2951 526 3030 celorum,
541 2950 622 3015 sicut
630 2952 756 3015 videtur
769 2973 806 3015 ex
815 2965 901 3014 textu
912 2951 1068 3031 convinci,
1077 2952 1172 3016 stulta
1183 2950 1242 3016 fuit
1252 2972 1363 3016 eorum

374 3054 502 3137 peticio,
529 3076 604 3119 cum
626 3057 804 3121 debuerunt
832 3057 972 3119 laborem
998 3056 1176 3119 certaminis
1203 3056 1365 3121 humiliter

373 3159 530 3244 petivisse,
562 3175 593 3224 et
626 3162 666 3222 nd
697 3161 759 3224 hoc
791 3161 856 3222 sine
890 3161 1039 3223 iactancia
1071 3160 1224 3244 primatus
1262 3162 1406 3224 honorii

374 3264 577 3327 beatitudinis
600 3279 728 3328 secutus
752 3265 875 3346 fuisset;
897 3264 1004 3326 honor
1026 3264 1111 3326 enim
1137 3264 1312 3347 fugientem
1332 3287 1365 3329 se

373 3367 515 3452 sequitur
530 3384 559 3432 et
576 3368 690 3452 refugit
706 3369 914 3433 affectantem.
932 3370 1025 3433 Unde
1041 3368 1116 3432 dicit
1131 3368 1363 3433 Crisostomus:

374 3472 583 3535 Desiderinm
611 3475 776 3556 primatus
805 3494 847 3537 ex
878 3476 1040 3537 iactencia
1065 3476 1211 3536 nascitur
1241 3475 1367 3551 cordis,·

374 3579 439 3660 qni,
463 3577 577 3661 inquit,
599 3579 733 3641 frnrniIis
754 3590 801 3642 est
823 3579 1043 3662 indigniorem
1066 3598 1102 3641 se
1123 3580 1199 3642 eliis
1221 3578 1364 3642 arbitra·
1386 3609 1390 3613 ·

412 3775 427 3807 r.
445 3761 474 3804 ts=
490 3762 606 3807 consessit
621 3762 668 3807 inis
683 3762 830 3818 privilegium
845 3764 877 3807 in.
967 3763 987 3810 5.
1001 3766 1023 3808 Λ
1037 3764 1059 3808 ἱιι
1072 3778 1157 3821 merge
1173 3765 1363 3810 chrisostomus.

373 3832 403 3876 ii.
419 3830 495 3876 iiten
510 3831 537 3875 Ι..
551 3832 617 3876 deest
631 3832 654 3876 in
669 3833 722 3877 eod.
738 3832 770 3876 ib.
784 3832 809 3876 fn
824 3833 895 3878 codd.
909 3832 1118 3879 ornetrsxxvm.
1225 3849 1249 3894 9.
1265 3835 1296 3879 B:
1311 3834 1364 3879 ilios

373 3900 445 3944 deest.
522 3902 672 3958 somperht
693 3902 745 3946 scii.
760 3901 951 3958 presumpcione.
1032 3903 1203 3950 sti.1ncodd.s
1224 3905 1361 3960 poterimus.

372 3966 440 4015 Corr.
455 3983 482 4013 es
497 3971 544 4024 Op.
558 3970 654 4026 Imperi.
669 3972 684 4014 1.
699 3982 720 4016 e.
827 3983 857 4026 ¹7·
877 3970 902 4014 fn
917 3971 1001 4016 cedde
1021 3985 1091 4017 omne
1111 3974 1208 4019 bonum.
1233 3973 1329 4019 correxi
1348 3984 1361 4017 e

371 4045 433 4084 textu
444 4039 531 4095 Operis
541 4040 600 4096 imp.
680 4054 714 4098 ¹9·
730 4043 754 4086 in
764 4043 846 4087 codd:
863 4042 889 4088 Et
902 4043 1062 4100 opusquidenr
1073 4043 1207 4089 desiderare
1217 4045 1308 4089 bonum
1319 4050 1364 4087 est.

373 4108 493 4154 Corresie
507 4117 570 4154 texto
582 4110 669 4167 Operis
684 4111 824 4168 imperfecti.
835 4113 849 4157 Ι.
860 4123 882 4156 c.
964 4123 997 4168 27·
1013 4114 1034 4157 A
1044 4113 1067 4157 in
1083 4124 1170 4168 merge
1187 4110 1360 4157 Crisostomus.

418 4234 441 4285 5.
461 4235 538 4303 Opus
558 4236 661 4303 Imperi.
687 4237 714 4287 in
733 4237 893 4290 ttnrhaeum
913 4240 993 4291 Hom.
1012 4238 1114 4300 mv,
1137 4238 1155 4287 1.
1174 4252 1207 4299 c.,
1232 4238 1309 4289 ctu.
1333 4237 1363 4288 Ε.

374 4321 413 4372 Cf.
428 4320 549 4371 Richardi
562 4322 731 4387 Armet-hessi,
751 4325 876 4376 Defensio
889 4336 1050 4387 curatorum,
1069 4324 1192 4388 Goidest,
1211 4321 1364 4374 Monarchis

320 4423 324 4431 ·
372 4418 439 4458 tom.
459 4408 489 4471 ΙΙ,
506 4423 567 4476 pers
584 4410 615 4472 ΙΙ,
634 4426 693 4477 psg.
716 4411 790 4475 ¹4⁰3·
