3262 5226
262 303 425 397 enarra]
633 322 680 375 un
699 321 879 375 rccunstn
1417 310 1473 376 321

150 499 358 569 0173⁸super
389 501 501 546 omnes
528 501 614 564 reges
641 493 672 543 et
694 477 854 563 principes
876 477 1057 543 seculariter
1079 479 1252 564 dominari,
1290 497 1453 597 menz-s..-

263 587 295 651 in
318 602 445 651 tantum
466 586 554 670 quod
576 584 634 649 iste
649 583 801 647 Nicolaus
823 582 900 648 dicit
920 584 1011 668 quod
1026 605 1114 669 reges
1133 585 1254 652 debent
1277 551 1357 648 Ἢ
1369 554 1462 650 ang*

262 712 330 755 esse
344 691 487 754 advocati
504 690 714 767 sacerdotum,
738 687 812 774 quia
835 687 860 750 si
884 688 945 772 ipsi
967 709 1049 774 eque
1068 688 1253 754 immediate
1289 655 1455 765 ‘hiumam

262 794 414 860 haberent
446 807 633 877 potestatem
656 791 745 856 iilam
768 812 841 856 curn
864 791 1092 870 sacerdotibus,
1120 792 1254 857 ecclesie

238 919 331 970 snon
363 912 498 962 servaret
530 896 714 979 monadem,
747 917 786 959 eo
818 897 906 981 quod
931 895 1035 960 lorent
1056 897 1123 961 duo
1147 896 1254 982 capita

263 1022 344 1087 eque
376 1001 491 1087 primo.
529 1002 570 1065 Et
601 1001 632 1065 iu
666 1000 760 1063 istam
792 998 1026 1085 blasphemiam
1056 1021 1094 1065 ex
1126 999 1253 1066 delectu

265 1107 443 1171 intellectus
475 1104 628 1188 scripture
658 1104 803 1169 incidunt
834 1102 928 1168 multi
960 1104 1070 1169 iuriste
1102 1104 1253 1170 iacientes

263 1231 339 1273 suos
362 1209 540 1294 prepositos
561 1208 707 1276 insanire.
731 1209 927 1273 Conceditur
945 1229 1022 1293 ergo
1037 1211 1126 1295 quod
1146 1209 1253 1274 domi·

264 1315 356 1377 nacio
383 1313 482 1377 civilis
509 1313 549 1377 sit
576 1313 820 1398 quodammodo
853 1312 990 1396 perlecta
1017 1327 1049 1378 et
1076 1313 1253 1379 necessaria

224 1417 400 1502 inperfecte
420 1418 587 1501 supposito
603 1418 642 1481 ad
664 1417 895 1481 dominandum
912 1431 979 1481 tam
999 1417 1130 1483 clericos
1151 1439 1253 1504 quam

195 1523 370 1607 174·laycos
385 1528 405 1564 θ
420 1521 599 1587 insolentes.
637 1522 727 1606 Sapit
758 1536 864 1586 tamen
896 1519 944 1607 (in
976 1537 1135 1608 quantum
1167 1520 1252 1611 talis)

263 1626 385 1690 veniale
408 1642 590 1710 peccatum;
613 1626 686 1690 ideo
702 1647 767 1689 non
783 1625 890 1710 potuit
906 1625 1035 1691 Christo
1057 1641 1250 1712 competere,
1267 1640 1467 1742 sssic‘ei'ir‘iii

263 1752 320 1794 nec
344 1730 555 1795 auctorizatur
577 1731 609 1794 in
633 1730 762 1795 Christo
786 1744 816 1794 et
838 1730 1004 1814 evangelio
1029 1752 1174 1817 expresse
1194 1733 1251 1796 sed

264 1834 430 1916 innuitive,
446 1850 478 1899 et
492 1836 564 1900 ideo
579 1834 719 1899 inferiori
730 1834 811 1920 parti
823 1834 1060 1920 ecclesiequam
1072 1837 1251 1921 Apostolus

223 1939 292 2010 151¹
309 1938 383 2002 Cor.
401 1940 468 2020 V10,
484 1960 515 2021 4,
538 1955 631 2005 vocat
652 1940 921 2023 contemptibilem
946 1940 1040 2004 debet
1059 1955 1250 2026 competere.

264 2044 318 2106 iila
351 2064 426 2128 ergo
458 2044 638 2109 dominacio
672 2064 738 2108 uon
771 2064 850 2128 pure
881 2043 966 2128 capit
994 2044 1252 2131 complecionem

262 2169 355 2212 suam
370 2148 538 2234 aChristo‚
554 2149 635 2213 sicut
651 2148 822 2235 spiritualis
837 2148 1019 2214 dominacio
1033 2150 1084 2215 vei
1097 2163 1251 2236 potestas,

262 2253 318 2315 sed
350 2253 528 2338 completur
549 2268 586 2318 ut
607 2253 651 2317 sic
674 2274 731 2338 per
752 2253 832 2318 ritus
854 2252 1028 2322 humanos.
1072 2255 1167 2320 Unde
1190 2275 1250 2341 pro

262 2356 316 2419 tali
330 2358 548 2441 complecione
564 2373 594 2422 et
609 2359 716 2442 legum
732 2356 956 2443 aggregatione
966 2359 1042 2424 dicit
1050 2360 1251 2444 Augustinus

219 2492 252 2529 so
262 2481 358 2544 super
379 2462 461 2542 Joh„
488 2462 612 2526 Omelia
642 2463 701 2526 vt·
730 2463 782 2548 (ut
814 2461 939 2526 recitavi
973 2460 1132 2551 superius)
1160 2466 1250 2550 quod

262 2586 328 2628 non
351 2565 418 2629 iure
442 2566 497 2629 Dei
521 2568 576 2630 sed
604 2566 801 2650 imperatoris
824 2566 960 2631 dicimus
982 2569 1071 2652 quod
1094 2568 1153 2633 hec
1175 2568 1251 2634 villa

261 2671 310 2734 vel
343 2671 459 2734 domus
485 2685 531 2735 est
563 2692 644 2752 mea,
678 2692 743 2734 non
775 2671 864 2756 quod
896 2672 945 2735 ius
969 2671 1027 2736 Dei
1050 2671 1091 2737 sit
1112 2673 1250 2737 omnino

261 2773 402 2838 alienum
434 2795 451 2839 a
481 2775 711 2840 constitucione
734 2774 834 2839 civilis
856 2775 1002 2858 dominii,
1025 2797 1100 2841 curn
1122 2790 1250 2863 oportet

261 2880 364 2964 legem
379 2877 437 2942 Dei
461 2880 534 2945 dare
555 2881 693 2965 graciam
709 2900 773 2965 que
796 2893 843 2944 est
865 2879 965 2944 civilis
981 2880 1116 2945 dominii
1133 2880 1248 2946 lunda·

220 2998 418 3065 amentum,
455 2985 509 3047 sed
546 3005 611 3047 non
649 2986 827 3048 secundum
864 2984 951 3048 illam
985 2985 1115 3071 culpam
1148 3006 1247 3072 quarn

261 3088 419 3153 contrahit
441 3103 488 3152 est
509 3110 526 3151 a
550 3088 629 3153 Deo.
676 3088 718 3153 Et
740 3089 784 3152 sic
805 3088 948 3173 intelligo
972 3089 1192 3175 Augustinum
1214 3089 1248 3153 in

261 3193 403 3278 Epistola
419 3192 578 3258 xxxvtl·
600 3194 641 3255 ad
655 3192 888 3256 Macedonium
897 3192 941 3257 sic
957 3193 1132 3259 dicentem:
1155 3195 1249 3259 Inter

261 3299 445 3362 mundanos
468 3297 604 3381 quedam
628 3297 705 3360 iura
728 3299 970 3361 constituuntur
991 3319 1053 3383 que
1075 3299 1248 3383 appellan-

260 3412 315 3464 tur
337 3402 458 3479 civilia,
481 3421 545 3465 non
568 3402 655 3485 quod
676 3402 752 3465 irinc
763 3402 831 3486 fiat
862 3413 897 3466 ut
920 3404 1001 3468 bene
1023 3414 1149 3468 utentes
1169 3405 1246 3482 sint,

215 3518 249 3570 30
258 3505 317 3568 sed
331 3517 364 3569 ut
381 3505 466 3568 attale
481 3512 604 3570 utentes
619 3507 726 3571 arlinus
742 3507 867 3570 molesti
880 3511 953 3572 sint.
978 3506 1119 3586 Quando
1135 3521 1246 3572 autem

259 3607 316 3671 hec
339 3609 405 3671 iura
428 3625 603 3676 consonant
624 3610 686 3695 legi
702 3611 759 3674 Dei
775 3630 837 3695 que
860 3625 907 3675 est
928 3632 986 3696 per
1007 3632 1040 3676 se
1059 3611 1153 3696 iusta,
1167 3625 1246 3677 tunc

296 3878 328 3911 ro.
343 3866 372 3912 u:
390 3865 492 3923 perlecta
509 3873 532 3911 ct
550 3866 619 3913 lutra.
632 3867 664 3914 ib.
680 3867 824 3914 domandum
839 3865 863 3910 ln
880 3866 951 3911 codd.
1044 3879 1072 3913 u.
1087 3866 1139 3913 utu
1155 3880 1244 3928 marga

257 3934 395 3982 Dominacio
405 3935 479 3981 cirllla
488 3937 549 3994 sapit
558 3945 681 3995 peccatum
691 3938 715 3982 in
727 3945 840 3994 qnantum
854 3936 916 3982 talla.
1009 3935 1038 3981 tl.
1054 3939 1075 3982 Α
1090 3939 1134 3995 Ast
1148 3937 1246 3986 Christo

256 4004 280 4050 ln
295 4006 425 4062 evangello.
529 4006 563 4052 18.
585 4010 607 4053 Α
621 4007 645 4052 ln
661 4019 749 4063 marg-s
770 4005 926 4063 Augustinus.
1032 4017 1063 4052 ar.
1085 4007 1115 4052 aa
1135 4007 1178 4053 sed
1193 4008 1245 4054 lare

256 4075 415 4132 imperatoris.

301 4268 342 4307 aa.
360 4252 410 4304 See
429 4251 511 4305 abore
528 4267 588 4323 pag.
607 4253 665 4308 lot.
