3262 5226
479 660 650 716 ronanus
667 657 815 714 wrcttr.
968 637 1050 733 [car.
1065 654 1147 701 rain.

157 839 239 903 pena
270 833 303 882 et
337 821 431 904 culpa
470 819 656 882 introducta
688 817 721 880 in
749 817 903 901 opinione
928 818 1042 902 populi
1067 817 1262 888 iore1205⁴L

157 923 351 1008 simplicium
372 924 549 1006 seductiva,
571 937 604 987 et
624 935 812 1008 sequeretur
829 937 964 1009 utraque
985 921 1148 986 conclusio

157 1047 256 1113 quam
279 1028 396 1092 doctor
423 1027 554 1113 reliquit
582 1040 619 1090 ut
647 1027 887 1108 inconveniens,
911 1027 1032 1091 scilicet
1059 1025 1147 1110 quod

158 1134 280 1217 absque
317 1133 407 1196 omni
445 1132 500 1196 tali
537 1130 742 1216 indulgencia
782 1131 899 1214 dignus
930 1131 1016 1216 apud
1042 1130 1145 1193 Deum

157 1237 378 1300 remissionem
390 1236 682 1322 proportionaliter
694 1249 884 1320 sequeretur
899 1251 930 1299 et
946 1234 1173 1319 indulgencies

157 1341 375 1406 communiter
397 1339 511 1405 fierent
526 1362 589 1426 pro
604 1354 674 1405 tota
697 1340 841 1405 ecclesia.
860 1340 1045 1405 Profectum
1062 1340 1147 1403 enim

158 1445 262 1509 tocius
285 1445 418 1509 ecclesie
441 1446 538 1509 debet
561 1466 646 1530 papa
670 1446 777 1529 primo
799 1444 967 1510 intendere
989 1459 1022 1509 et
1042 1444 1148 1509 distri·

158 1551 331 1622 bricionem
346 1550 461 1634 premii
478 1550 600 1614 iudicio
616 1550 727 1613 divino
745 1549 938 1634 relinquere,
955 1562 992 1613 ut
1007 1563 1147 1635 oportet.

113 1675 148 1766 pp
201 1654 250 1718 Ex
271 1655 392 1740 quibus
415 1654 545 1718 videtur
568 1654 657 1740 quod
681 1673 746 1718 non
770 1667 819 1717 est
841 1654 1031 1718 altrinsecus
1055 1653 1188 1724 valden

158 1757 361 1823 meritorium
392 1758 511 1823 instare
544 1778 643 1843 penes
676 1778 795 1843 papam
833 1777 894 1842 pro
932 1758 1146 1842 indulgentiis
1160 1790 1191 1827 ιο

113 1888 125 1920 ι.
157 1863 255 1928 huius
293 1863 508 1948 acquirendis,
547 1862 624 1948 quia
663 1862 712 1926 vel
750 1876 881 1946 oportet
918 1863 1023 1928 dicere
1058 1864 1146 1948 quod
1226 1868 1238 1890 ⁴

158 1954 287 2032 racione
318 1967 416 2032 buius
449 1967 678 2052 occupacionis
711 1965 747 2031 fit
780 1967 882 2030 homo
904 1967 1032 2051 dignior
1059 1969 1146 2053 apud

159 2075 277 2155 Deum,
317 2092 416 2158 quam
453 2071 540 2136 foret
579 2071 762 2136 omittendo
811 2072 906 2135 talem
947 2073 1148 2155 instanciam,

160 2179 211 2242 vel
234 2178 326 2242 aliter
340 2175 428 2261 quod
446 2177 487 2239 ad
504 2176 691 2240 habendum
713 2164 893 2241 affectatam
910 2177 1147 2262 indulgenciam

159 2281 243 2346 foret
266 2281 432 2345 concessio
456 2282 507 2345 vel
530 2280 618 2345 bulla
642 2283 766 2367 papalis
790 2280 985 2348 indifferens.
1003 2283 1190 2352 Primum15

159 2407 225 2450 non
247 2379 378 2449 dabitur
399 2398 534 2470 propter
557 2386 632 2450 tria:
657 2387 768 2451 Primo
791 2387 868 2471 quia
891 2387 1040 2471 apostoli,
1065 2408 1148 2471 quos

159 2490 290 2576 spiritus
312 2505 442 2554 sanctus
459 2490 572 2553 docuit
596 2510 728 2555 omnem
744 2493 924 2572 veritatem,
946 2493 1148 2576 culpabiliter

158 2594 342 2660 omisissent
364 2595 619 2679 occupacionem
643 2610 710 2660 tam
734 2595 934 2661 meritoriam
958 2616 1018 2681 pro
1041 2597 1146 2660 indul·

158 2701 277 2785 genciis
310 2698 538 2784 impetrandis;
571 2701 715 2763 secundo
747 2701 825 2786 quia
858 2715 934 2764 tunc
967 2721 1049 2787 papa
1075 2722 1146 2785 pro·

159 2817 288 2889 rogaret
310 2803 534 2869 concessiones
558 2805 759 2887 huiusmodi,
783 2819 820 2869 ut
842 2806 993 2870 subditus
1021 2805 1147 2869 diucius
1157 2836 1191 2873 20

158 2910 327 2975 continuet
350 2910 383 2973 in
407 2910 472 2972 vita
497 2923 564 2972 tam
589 2909 771 2991 meritoria;
794 2923 826 2973 et
849 2911 949 2974 tercio
973 2910 1055 2975 facta
1080 2925 1146 2975 tota

161 3015 330 3098 diligencia
354 3028 480 3079 tantum
504 3014 625 3078 valeret
648 3014 771 3098 petenti
795 3034 852 3077 nec
876 3014 993 3078 habere
1018 3035 1147 3080 conces·

159 3121 283 3183 sionem
308 3138 390 3202 pape
418 3119 467 3180 vel
496 3119 616 3180 bullam
646 3119 730 3181 sicut
758 3139 876 3201 papam
900 3121 1075 3184 concedere
1097 3121 1146 3184 vel

160 3225 291 3306 bullare,
314 3237 346 3286 et
361 3236 551 3306 sequeretur
575 3223 710 3286 tercium
728 3226 911 3286 membrum
937 3224 1025 3309 quod
1047 3225 1148 3287 multa

159 3327 266 3392 officia
300 3329 490 3391 clericorum
523 3328 689 3411 papalium
722 3329 1012 3411 condempnarent.
1051 3330 1148 3392 Tales
1161 3343 1192 3396 ²5

159 3435 277 3496 multas
310 3432 491 3496 evidentias
525 3432 668 3515 cogitare
700 3451 876 3517 possumus
915 3453 972 3516 per
1009 3453 1149 3518 quarum

158 3538 360 3601 obiecciones
382 3552 413 3600 et
435 3537 618 3601 soluciones
640 3537 757 3600 veritas
780 3536 936 3600 catholica
959 3538 1149 3601 declaretur.

112 3664 123 3697 r
204 3643 349 3706 Ulterius
372 3640 455 3706 fiunt
471 3656 664 3725 argumenta
689 3642 874 3705 communia
892 3655 1003 3705 contra
1019 3663 1148 3705 omnem

113 3705 387 3830 iiefrheotogorum
425 3762 457 3810 et
494 3746 742 3809 decretistarum
786 3746 982 3810 sentenciam
1020 3747 1052 3809 in
1091 3747 1149 3810 hac

160 3866 264 3937 parte.
298 3851 434 3914 Videtur
464 3851 563 3931 enirn,
595 3852 704 3935 primo
728 3852 816 3935 quod
839 3865 981 3934 potestas
1005 3852 1174 3939 papesitt

161 3956 310 4039 potencia
343 3953 484 4036 infinita;
520 3975 596 4016 nam
628 3975 713 4038 papa
746 3955 844 4019 habet
883 3970 1076 4039 potestatem
1108 3956 1148 4018 ad

162 4059 406 4123 concedendurn
424 4059 646 4142 indulgencias
671 4059 804 4123 infinitis
828 4061 975 4143 personis
999 4081 1055 4144 per
1080 4059 1149 4124 infi-

162 4166 268 4228 nitum
301 4179 439 4249 ¹tempus
478 4165 663 4243 duraturas,
703 4184 780 4247 ergo
819 4164 982 4229 infinitum
1020 4166 1150 4229 maioris

162 4268 311 4354 potencie
349 4281 407 4342 est
435 4287 532 4351 quam
573 4268 754 4351 episcopus,
790 4269 846 4353 qui
878 4271 984 4334 solum
1015 4270 1151 4353 quadra·

162 4374 251 4455 ginta
286 4372 353 4434 dies
382 4372 487 4434 solum
521 4371 621 4436 finitis
655 4372 794 4436 subditis
826 4386 934 4457 potest
966 4375 1192 4440 concederent

201 4603 228 4638 rt.
242 4590 273 4635 Br
288 4590 350 4636 blaa
455 4601 491 4650 ²7·
506 4590 537 4635 lia
549 4590 700 4638 oblseeloaes
713 4592 863 4641 solacloaes.
