3262 5226
394 548 464 597 car.
479 535 546 626 m]
787 547 835 600 οε
852 545 1034 599 BchESlA.
1555 555 1618 618 ¹49

184 694 193 709 Ι
282 730 312 784 o
327 725 481 800 149·patct
495 710 586 797 quod
599 707 763 770 licenciare
783 705 825 770 ad
846 703 910 767 boc
932 700 1014 767 loret
1034 701 1200 766 licenciare
1219 702 1387 768 hominem
1410 717 1454 763 aar
1470 717 1513 763 ne
1530 729 1601 777 μ...

395 818 436 879 ad
458 814 668 900 peccandum,
689 811 780 896 quod
799 809 887 872 Deus
910 827 977 870 non
999 820 1116 892 potest,
1139 822 1171 872 et
1191 828 1250 893 per
1273 828 1387 874 conse·
1402 769 1606 884 ‘ii'si‘nffl‘

394 940 496 1006 quens
504 915 761 982 nonconrinetur
775 914 836 978 sub
850 932 946 997 opere
960 910 1176 976 misericordie
1186 911 1389 998 privilegium
1409 875 1504 919 neme
1517 883 1544 922 ¹⁰
1558 877 1605 924 ⁸⁸⁸⁸

395 1025 456 1089 talc
488 1022 675 1101 concedere,
702 1039 761 1082 nec
783 1019 927 1081 tenderet
948 1015 989 1078 ad
1011 1029 1224 1100 augmentum
1244 1016 1388 1082 amicicie

369 1130 445 1199 §vel
479 1126 617 1190 caritatis
647 1124 681 1187 in
711 1120 837 1208 populo
867 1121 1036 1185 communi
1064 1141 1240 1186 commune
1270 1120 1321 1185 ius
1348 1122 1389 1187 de

394 1229 612 1296 satisfaccione
642 1226 795 1290 debitoris
827 1225 1023 1309 precludere.
1055 1225 1097 1290 Et
1128 1238 1217 1310 patet
1252 1239 1320 1290 tam
1350 1247 1389 1291 ex

394 1350 482 1420 parte
513 1332 679 1396 donatoris
710 1351 810 1417 quam
833 1329 1006 1414 receptoris
1027 1331 1117 1417 quod
1139 1331 1181 1394 ad
1201 1330 1264 1395 tale
1290 1331 1388 1415 privi-

394 1438 514 1523 legium
536 1451 585 1502 est
610 1435 818 1520 indispositio
843 1434 1023 1521 utrobique,
1060 1436 1127 1500 Nec
1149 1448 1277 1499 moveat
1299 1437 1389 1522 quod

395 1564 433 1606 ea
464 1542 517 1606 tali
547 1541 713 1626 privilegio
739 1541 935 1626 quandoque
966 1541 1091 1605 bonum
1112 1539 1321 1624 contingeret,
1352 1555 1389 1604 ut

354 1660 472 1730 reputa
512 1645 664 1710 debitoris
700 1644 863 1729 depredati
904 1643 1081 1710 misericors
1120 1643 1301 1730 expectacio
1337 1645 1389 1709 vel

198 1730 209 1813 i
321 1750 482 1838 149·aliter
512 1750 676 1814 criminosi
707 1770 745 1813 ex
777 1749 876 1814 tutela
908 1747 1021 1834 refugii
1057 1748 1160 1814 finalis
1174 1747 1196 1794 *
1210 1749 1388 1832 conversio,

200 1824 208 1891 ¹·
394 1854 468 1940 quia
499 1855 587 1918 Deus
609 1875 676 1918 non
698 1868 806 1938 posset
827 1853 1010 1938 permittere
1031 1867 1199 1940 peccatum
1220 1853 1299 1938 fieri,
1326 1853 1388 1918 nisi

394 1959 505 2022 exinde
528 1958 767 2022 occasionaliter
797 1959 924 2023 bonum
950 1959 1159 2043 contingeret
1198 1958 1273 2022 ldeo
1296 1958 1388 2041 absit,

394 2063 470 2129 dicit
488 2062 676 2147 Apostolus,
700 2062 920 2148 ursacianos
941 2064 1041 2140 mala,
1064 2072 1100 2127 ut
1119 2063 1204 2126 bona
1225 2064 1386 2128 eveniant.

354 2189 383 2241 ,5
438 2168 543 2231 Docto
558 2167 653 2252 igitur
673 2168 763 2252 quod
779 2167 906 2232 libertas
928 2167 999 2232 talis
1020 2182 1147 2231 sonaret
1167 2166 1202 2230 in
1224 2166 1387 2232 caritatem
1407 2191 1545 2257 Tuereron
1557 2199 1600 2244 η..

394 2288 426 2337 et
458 2272 678 2353 elemosinam,
708 2286 817 2356 posset
848 2272 982 2337 concedi
1013 2271 1210 2358 singulariter
1240 2271 1285 2334 illi
1311 2247 1614 2355 locorf‘ffiffi‘&

394 2377 594 2462 privilegium
621 2378 680 2441 sub
703 2375 763 2441 ista
794 2376 985 2441 condicione
1007 2398 1105 2463 quam
1133 2396 1261 2441 necesse
1282 2377 1385 2442 estin
1407 2351 1602 2467 ”diffiffil‘

394 2481 484 2544 omni
498 2480 677 2545 donacione
697 2480 838 2566 legitima
853 2480 968 2545 habere
984 2481 1112 2546 tacitam
1127 2481 1178 2545 vel
1192 2501 1384 2566 expressam.

394 2586 488 2649 Unde
518 2585 645 2650 videtur
677 2586 768 2672 quod
797 2585 912 2670 prelati
944 2586 1043 2651 nostri
1074 2586 1192 2650 debent
1222 2585 1387 2652 humiliter

353 2727 385 2762 20
393 2691 519 2775 pulsare
563 2689 722 2772 dominos,
760 2705 796 2756 ut
837 2690 916 2755 tales
954 2711 1073 2755 errores
1109 2705 1217 2756 nostre
1255 2691 1385 2757 ecclesie

206 2870 213 2879 ¹
393 2795 498 2878 previa
513 2795 719 2879 corrigantur,
729 2809 902 2880 antequam
911 2795 1062 2860 invadant
1075 2796 1183 2861 hostes
1198 2794 1385 2881 forinsecus,

204 2888 215 3007 ἑ
393 2899 468 2984 quia
484 2920 521 2962 ex
537 2900 716 2963 testimonis
739 2900 857 2965 Christi
872 2901 986 2968 Matth.
1002 2903 1058 2985 X0,
1076 2901 1116 2965 3⁶
1138 2902 1223 2965 nulli
1235 2903 1316 2987 pius
1334 2904 1384 2968 in·

205 3004 215 3113 3²
383 3005 513 3088 sestant
525 3015 662 3068 matrem
679 3004 847 3069 ecclesiam
864 3025 964 3090 quam
979 3007 1051 3071 eius
1066 3006 1233 3072 domestici
1249 3008 1383 3074 inimici.

203 3134 215 3195 ἦ
354 3127 384 3181 H
436 3107 552 3174 Tercio
578 3109 790 3194 principaliter
819 3110 963 3194 arguitur
993 3112 1037 3175 sic
1064 3112 1104 3175 ad
1131 3110 1217 3176 idem
1243 3113 1283 3175 de
1315 3112 1384 3178 iure
1426 3136 1449 3183 s
1463 3136 1502 3184 ue
1516 3140 1574 3188 vus

207 3204 216 3239 ⁸
351 3227 518 3285 25nature:
542 3214 684 3278 Frustra
715 3217 845 3280 invocat
872 3215 957 3300 legis
979 3216 1141 3281 auxilium
1169 3219 1226 3301 qui
1246 3190 1480 3301 offenditis‘iiii
1493 3192 1611 3293 {ii-'ii'

204 3244 217 3433 ί
392 3320 425 3381 in
448 3339 532 3398 eom,
570 3320 624 3381 sed
656 3319 731 3383 dicti
764 3318 889 3406 fugitivi
915 3319 1098 3386 rebellando
1120 3319 1322 3386 offenderunt
1347 3320 1383 3385 in
1466 3294 1534 3354 ΜΡ·

208 3444 219 3485 r
392 3422 493 3504 legem
504 3422 574 3504 Dei,
584 3423 711 3487 ecclesie
723 3439 754 3488 et
768 3424 801 3487 in
814 3426 919 3509 legem
928 3423 1030 3510 regni:
1043 3445 1119 3512 ergo
1135 3425 1256 3489 iustum
1265 3440 1313 3491 est
1321 3446 1383 3511 pro

204 3488 219 3657 ¹
392 3539 536 3609 ternpore
558 3547 614 3590 sue
637 3527 809 3593 obstinacie
832 3533 922 3615 quod
941 3544 1067 3594 careant
1089 3529 1123 3593 in
1143 3529 1293 3594 omnibus
1314 3530 1383 3596 istis

207 3678 220 3751 p
391 3629 468 3713 legis
491 3629 650 3716 suffragio.
674 3633 777 3697 Maior
797 3648 907 3699 autem
935 3634 1057 3720 capitur
1078 3648 1115 3700 ut
1141 3636 1248 3720 regula
1268 3656 1383 3720 perse

350 3755 383 3806 30
392 3748 469 3797 nota
490 3734 524 3797 in
552 3736 618 3799 iure
649 3738 803 3802 canonico
831 3753 863 3804 et
889 3739 1099 3804 demonstrari
1126 3754 1231 3826 potest
1258 3761 1296 3804 cx
1320 3738 1383 3805 fide

392 3838 545 3921 evangelii
567 3840 697 3904 Matthei
718 3843 774 3925 V0,
800 3845 851 3926 25,
875 3843 929 3908 ubi
952 3844 1098 3909 Christus
1119 3843 1267 3929 precipit:
1298 3844 1381 3910 Esto

392 3946 601 4008 consenciens
623 3946 816 4012 adversario
834 3959 891 4012 tuo
913 3951 990 4027 cito,
1015 3948 1091 4012 dum
1114 3967 1152 4013 es
1173 3949 1206 4013 in
1229 3950 1283 4012 via
1304 3968 1380 4014 cum

391 4065 439 4126 eo,
456 4067 496 4110 ne
501 4048 598 4134 sorte
614 4050 828 4119 adversarius
843 4063 920 4119 tuus
935 4052 1044 4118 tradat
1061 4064 1091 4118 te
1104 4053 1206 4118 iudici
1227 4062 1259 4117 et
1279 4052 1382 4118 iudex

435 4253 454 4299 5.
469 4253 503 4298 Dr
517 4255 641 4301 communi
655 4257 741 4303 deest.-
807 4259 831 4304 6.
845 4258 876 4305 Br
890 4266 917 4305 nt
930 4267 1000 4318 petet.
1084 4270 1159 4306 soar.
1173 4259 1208 4306 Dr
1222 4255 1321 4306 ecclesia
1333 4256 1381 4317 prl-

390 4320 504 4380 sileglrte.
604 4335 641 4379 ²⁴·
656 4328 678 4371 Α
691 4324 716 4372 ln
730 4338 818 4386 marga
832 4326 918 4374 'l'ercla
931 4330 1064 4388 responsis.

438 4483 476 4534 ¹4·
495 4469 565 4522 Rom
584 4470 627 4538 111,
643 4468 669 4525 8.
