3262 5226
157 611 205 674 42
692 602 1029 656 ronsnnrswrcrrr.
1246 579 1365 673 [caen.

195 780 332 837 osjoertosa
422 762 570 826 Secundo
591 758 808 845 principaliter
837 759 973 825 obicitur
1002 780 1057 844 per
1087 762 1149 825 hoc
1170 762 1259 847 quod
1280 761 1481 831 iuxtas33⁴li

158 831 370 947 *nu‘e‘ssinegym
377 865 591 951 supradictam
612 864 808 928 sentenciam
826 865 935 928 nullus
955 864 1053 928 lucus
1068 879 1228 930 teneretur
1241 867 1364 930 credere

172 938 252 983 '⁰⁰¹⁸
267 938 357 995 ’ω
377 971 419 1033 de
441 970 601 1034 sacerdote
621 988 694 1048 suo,
716 981 829 1032 curato
849 969 916 1033 sive
931 969 1083 1053 episcopo
1104 970 1194 1054 quod
1207 968 1249 1034 sit
1264 991 1364 1036 mem·

378 1075 474 1140 brum
496 1074 622 1138 ecclesie
644 1073 696 1136 vel
719 1093 789 1136 vere
811 1072 933 1138 habens
964 1093 1081 1137 nomen
1104 1073 1175 1138 talis
1205 1074 1312 1157 oflicii,
1332 1091 1365 1141 et

379 1179 493 1264 periret
522 1177 629 1242 omnis
664 1177 771 1240 honor
807 1176 1042 1261 impendendus
1075 1177 1203 1262 prelatis
1229 1193 1261 1243 et
1287 1178 1388 1245 lidess

379 1282 490 1367 populi
512 1281 643 1362 laicalis;
670 1279 773 1345 immo
805 1280 913 1345 nullus
936 1281 1038 1347 viator
1058 1295 1215 1346 teneretur
1237 1283 1360 1348 credere

379 1389 523 1452 Romane
554 1386 684 1451 ecclesie
714 1385 747 1447 in
779 1374 1003 1450 canonizando
1021 1401 1146 1451 sanctos
1173 1386 1362 1471 detprivatis

379 1490 547 1576 provinciis
568 1504 600 1554 et
623 1489 775 1553 titubaret
799 1489 904 1554 cultus
925 1489 1052 1554 ecclesie
1072 1490 1105 1553 in
1125 1489 1362 1554 solemnizando

380 1595 458 1660 lecta
479 1610 510 1660 et
530 1593 680 1679 reliquias
702 1606 898 1659 sanctorum.

421 1699 482 1763 Sed
508 1713 631 1764 constat
658 1719 696 1762 ex
722 1697 815 1762 dictis
841 1698 931 1784 quod
956 1712 1106 1763 neutrum
1134 1700 1285 1786 sequitur,
1308 1701 1361 1764 sed
1374 1726 1406 1765 ro

379 1804 446 1868 eius
466 1804 669 1887 oppositum;
690 1823 750 1887 pro
773 1822 841 1888 quo
863 1803 1042 1866 notandum
1064 1803 1153 1888 quocl
1176 1802 1254 1869 fides
1276 1823 1361 1868 nunc

378 1909 513 1973 sumitur
544 1928 604 1993 pro
637 1921 710 1972 actu
744 1907 894 1971 credendi
925 1927 992 1992 quo
1023 1907 1168 1990 creditur,
1197 1928 1281 1971 nunc
1304 1929 1362 1993 pro

377 2012 485 2077 habitu
502 2012 647 2078 credendi
662 2032 833 2098 perquem
847 2011 994 2094 creditur,
1014 2025 1045 2077 et
1060 2032 1146 2076 nunc
1160 2032 1219 2097 pro
1234 2012 1362 2078 veritate

377 2140 441 2205 que
461 2119 607 2202 creditur,
628 2133 665 2183 ut
688 2119 781 2182 docet
802 2117 1003 2203 Augustinus
1025 2118 1124 2200 x1110,
1146 2119 1193 2182 De
1208 2117 1361 2183 Trinitate

378 2224 517 2309 capitulo
539 2224 581 2288 11⁰
603 2238 635 2288 et
658 2223 726 2288 111⁰.
1372 2228 1402 2283 15

196 2344 358 2406 nursam,
420 2328 566 2394 Secundo
602 2327 785 2392 notandum
815 2327 905 2413 quod
941 2325 1002 2390 alia
1032 2340 1081 2391 est
1111 2325 1190 2391 fides
1221 2346 1284 2412 que
1314 2340 1361 2393 est

158 2396 370 2548 “iisffiiil'cii'
378 2435 543 2499 credulitas
570 2433 671 2498 fidelis
702 2431 849 2516 explicita
877 2446 908 2496 et
939 2431 1000 2495 alia
1026 2430 1104 2495 fides
1134 2420 1297 2515 implicita,
1323 2445 1360 2498 ut

377 2537 549 2603 catholicus
575 2538 696 2602 habens
725 2537 872 2602 habitum
897 2536 970 2601 fidei
1002 2535 1145 2602 inlusum
1173 2536 1222 2601 vel
1251 2535 1359 2621 acqui·

377 2642 475 2707 situm
489 2643 632 2727 explicite
647 2642 747 2707 credit
762 2641 928 2706 ecclesiam
942 2641 1129 2707 catholicam
1143 2640 1176 2703 in
1186 2640 1360 2724 communi,

377 2761 409 2811 et
429 2747 462 2811 in
484 2748 537 2811 illa
558 2747 620 2811 lide
652 2746 821 2810 communi
852 2746 951 2810 credit
981 2745 1133 2829 implicite
1155 2744 1205 2808 vel
1230 2743 1360 2810 confuse
1370 2765 1404 2804 so

377 2854 590 2937 quodcunque
620 2851 780 2935 singulare
810 2864 998 2915 contentum
1031 2851 1092 2914 sub
1123 2864 1230 2914 sancta
1260 2864 1359 2914 matre

343 3038 349 3049 Ι
379 2957 516 3038 ecclesia,
547 2957 628 3021 sicut
662 2955 756 3040 logici
790 2975 862 3019 vere
895 2955 1004 3019 dicunt
1035 2956 1123 3040 quod
1155 2955 1283 3019 sciendo
1305 2976 1361 3019 ens

380 3063 500 3126 esseio
522 3083 582 3126 suo
603 3061 741 3145 analogo
764 3059 870 3124 sciunt
889 3059 998 3122 omnia
1019 3074 1050 3123 et
1072 3058 1195 3143 singula
1217 3061 1250 3123 in
1273 3081 1360 3124 com·

380 3168 478 3232 muni.
514 3167 565 3232 Sic
599 3164 649 3252 (ut
681 3187 757 3250 sepe
794 3162 873 3250 dixi)
906 3164 932 3225 si
963 3163 1146 3247 quicunque
1177 3163 1361 3228 christianus

381 3272 520 3336 habuerit
542 3271 638 3334 fidem
661 3271 790 3335 caritate
819 3268 987 3331 formatam
1018 3266 1050 3330 in
1081 3284 1361 3354 quantumcunque
1372 3274 1403 3328 25

381 3375 553 3456 communi,
563 3373 679 3439 sulficit
688 3395 763 3438 cum
772 3374 888 3437 virtute
896 3378 915 3416 ¹
925 3373 1157 3456 perseverantie
1166 3373 1205 3435 ad
1217 3374 1360 3437 salutem.
1373 3379 1433 3444 134·

379 3479 463 3543 Deus
485 3480 570 3542 enirn
592 3479 646 3563 qui
671 3479 758 3543 dedit
790 3479 925 3564 primam
947 3477 1043 3541 fidem
1075 3477 1163 3543 dabit
1188 3476 1361 3559 clariorem,

380 3582 437 3647 nisi
460 3582 560 3646 fidelis
581 3597 682 3666 ponat
704 3584 840 3647 obicem.
872 3586 946 3648 Non
969 3584 1054 3648 enirn
1077 3583 1173 3666 exigit
1200 3583 1297 3662 Deus,
1327 3596 1362 3646 ut

379 3707 490 3750 omnes
522 3686 577 3750 lilii
604 3687 652 3749 sui
681 3709 741 3771 pro
765 3687 856 3751 omni
880 3687 1021 3751 viatione
1044 3709 1101 3752 sua
1124 3688 1262 3772 cogitent
1284 3708 1359 3751 coo-

379 3792 465 3856 tinue
487 3792 519 3854 in
542 3806 612 3855 actu
629 3790 812 3876 particulari
834 3792 874 3855 de
889 3792 1028 3877 qualibet
1044 3792 1117 3856 fidei
1131 3790 1293 3876 particula,
1308 3792 1360 3856 sed
1371 3798 1404 3853 30

421 3978 493 4024 nno
502 3979 525 4024 in
536 3990 614 4034 marga
628 3976 738 4024 Secunde
749 3978 866 4024 obiectio.
920 3991 937 4024 r.
946 3980 976 4024 Be
991 3979 1053 4025 luats
1063 3980 1137 4025 deest.
1188 3992 1208 4026 s.
1219 3981 1250 4025 Be
1263 3986 1362 4025 tenetur.

379 4047 512 4094 eoABin
527 4059 604 4103 marg:
619 4047 762 4105 Responsio.
816 4051 875 4093 ιι.Α
890 4049 914 4094 in
930 4047 1102 4106 nergel-‘ides
1163 4050 1233 4095 tili:
1248 4049 1361 4095 habiturn.

379 4115 444 4171 rod
463 4117 487 4162 in
505 4128 584 4172 merge
610 4115 684 4162 Fides
702 4117 804 4163 sumitur
821 4118 944 4175 tripliciter
962 4118 1092 4164 secundum
1114 4119 1278 4176 Angustiunm.
1299 4118 1361 4164 lbids

379 4186 532 4243 Augustinus.
585 4186 616 4231 16.
632 4188 662 4231 Be
676 4186 790 4234 Secundo
803 4188 878 4233 deest.
940 4201 970 4244 ¹7·
984 4187 1084 4241 Fidelis:
1098 4188 1150 4233 llus
1164 4188 1239 4234 addite
1253 4187 1360 4232 hominis.

380 4259 401 4301 Α
415 4258 438 4302 io
453 4267 531 4311 merge
545 4255 610 4302 Fidei
624 4257 757 4303 distinctio.
777 4257 853 4303 loide
867 4256 938 4303 Fides
953 4258 981 4302 de
995 4258 1093 4303 ecelesia
1107 4257 1221 4302 catholice
1234 4268 1289 4302 cum
1303 4257 1363 4302 esri-

379 4334 425 4372 tste
445 4326 530 4372 suffieit
549 4326 579 4371 sd
597 4328 697 4373 salutem
716 4329 783 4384 (born
801 4329 867 4374 these
886 4331 977 4385 glosses
996 4327 1072 4372 below
1091 4324 1137 4373 13³⁴
1149 4325 1246 4371 without
1261 4326 1326 4371 merl
1338 4334 1363 4370 ot

380 4394 514 4452 reference).
578 4407 610 4441 ar.
623 4395 654 4441 ez
668 4395 795 4455 singulare.

427 4555 464 4604 ¹4·
482 4540 553 4608 Opp.
571 4540 682 4607 August.
702 4538 770 4607 vlu,
786 4553 846 4609 psg.
866 4554 928 4610 oso
