<?xml version="1.0" encoding="UTF-8"?>
<!DOCTYPE html PUBLIC "-//W3C//DTD XHTML 1.0 Transitional//EN"
    "http://www.w3.org/TR/xhtml1/DTD/xhtml1-transitional.dtd">
<html xmlns="http://www.w3.org/1999/xhtml" xml:lang="en" lang="en">
 <head>
  <title>
</title>
<meta http-equiv="Content-Type" content="text/html;charset=utf-8" />
  <meta name='ocr-system' content='tesseract 3.04.00' />
  <meta name='ocr-capabilities' content='ocr_page ocr_carea ocr_par ocr_line ocrx_word'/>
</head>
<body>
  <div class='ocr_page' id='page_1' title='image "./iohanniswyclift00mattgoog_0082.png"; bbox 0 0 3262 5226; ppageno 0'>
   <div class='ocr_carea' id='block_1_1' title="bbox 352 484 973 541">
    <p class='ocr_par' dir='ltr' id='par_1_1' title="bbox 352 484 973 541">
     <span class='ocr_line' id='line_1_1' title="bbox 352 484 973 541; baseline 0.01 -7"><span class='ocrx_word' id='word_1_1' title='bbox 352 484 454 534; x_wconf 59' lang='lat' dir='ltr'>mall.</span> <span class='ocrx_word' id='word_1_2' title='bbox 731 484 777 537; x_wconf 78' lang='lat' dir='ltr'>DE</span> <span class='ocrx_word' id='word_1_3' title='bbox 795 484 973 541; x_wconf 67' lang='lat' dir='ltr'>uectum.</span> 
     </span>
    </p>
   </div>
   <div class='ocr_carea' id='block_1_2' title="bbox 130 632 1333 735">
    <p class='ocr_par' dir='ltr' id='par_1_2' title="bbox 130 632 1333 735">
     <span class='ocr_line' id='line_1_2' title="bbox 130 632 1333 735; baseline -0.014 -12"><span class='ocrx_word' id='word_1_4' title='bbox 130 632 140 735; x_wconf 39' lang='grc' dir='ltr'>ἶ</span> <span class='ocrx_word' id='word_1_5' title='bbox 241 668 270 723; x_wconf 81' lang='lat' dir='ltr'>rt</span> <span class='ocrx_word' id='word_1_6' title='bbox 287 647 428 734; x_wconf 59' lang='lat' dir='ltr'>iteratis</span> <span class='ocrx_word' id='word_1_7' title='bbox 450 661 496 713; x_wconf 89' lang='lat' dir='ltr'>est</span> <span class='ocrx_word' id='word_1_8' title='bbox 526 645 613 732; x_wconf 92' lang='lat' dir='ltr'>quod</span> <span class='ocrx_word' id='word_1_9' title='bbox 649 641 828 729; x_wconf 90' lang='lat' dir='ltr'>postposita</span> <span class='ocrx_word' id='word_1_10' title='bbox 860 642 981 706; x_wconf 83' lang='lat' dir='ltr'>desidia</span> <span class='ocrx_word' id='word_1_11' title='bbox 1012 641 1147 706; x_wconf 81' lang='lat' dir='ltr'>habeant</span> <span class='ocrx_word' id='word_1_12' title='bbox 1179 642 1272 707; x_wconf 85' lang='lat' dir='ltr'>fidem</span> <span class='ocrx_word' id='word_1_13' title='bbox 1300 643 1333 707; x_wconf 88' lang='lat' dir='ltr'>in</span> 
     </span>
    </p>
   </div>
   <div class='ocr_carea' id='block_1_3' title="bbox 315 751 1563 3140">
    <p class='ocr_par' dir='ltr' id='par_1_3' title="bbox 315 751 1563 3140">
     <span class='ocr_line' id='line_1_3' title="bbox 354 751 661 818; baseline -0.02 -2"><span class='ocrx_word' id='word_1_14' title='bbox 354 752 461 818; x_wconf 89' lang='lat' dir='ltr'>habitu</span> <span class='ocrx_word' id='word_1_15' title='bbox 484 751 661 816; x_wconf 83' lang='lat' dir='ltr'>lomratam.</span> 
     </span>
     <span class='ocr_line' id='line_1_4' title="bbox 320 849 1555 937; baseline -0.003 -18"><span class='ocrx_word' id='word_1_16' title='bbox 320 873 345 929; x_wconf 93' lang='lat' dir='ltr'>o</span> <span class='ocrx_word' id='word_1_17' title='bbox 397 857 444 921; x_wconf 85' lang='lat' dir='ltr'>Ex</span> <span class='ocrx_word' id='word_1_18' title='bbox 475 854 542 920; x_wconf 88' lang='lat' dir='ltr'>istis</span> <span class='ocrx_word' id='word_1_19' title='bbox 572 865 658 937; x_wconf 88' lang='lat' dir='ltr'>patet</span> <span class='ocrx_word' id='word_1_20' title='bbox 688 851 785 915; x_wconf 90' lang='lat' dir='ltr'>tercio</span> <span class='ocrx_word' id='word_1_21' title='bbox 816 851 904 936; x_wconf 91' lang='lat' dir='ltr'>quod</span> <span class='ocrx_word' id='word_1_22' title='bbox 942 849 1075 935; x_wconf 79' lang='lat' dir='ltr'>quilibet</span> <span class='ocrx_word' id='word_1_23' title='bbox 1107 850 1205 916; x_wconf 86' lang='lat' dir='ltr'>laicus</span> <span class='ocrx_word' id='word_1_24' title='bbox 1234 849 1334 915; x_wconf 86' lang='lat' dir='ltr'>fidelis</span> <span class='ocrx_word' id='word_1_25' title='bbox 1352 867 1425 932; x_wconf 70' lang='lat' dir='ltr'>wia</span> <span class='ocrx_word' id='word_1_26' title='bbox 1441 883 1498 916; x_wconf 75' lang='lat' dir='ltr'>men</span> <span class='ocrx_word' id='word_1_27' title='bbox 1513 881 1555 915; x_wconf 76' lang='lat' dir='ltr'><strong>m</strong></span> 
     </span>
     <span class='ocr_line' id='line_1_5' title="bbox 355 922 1563 1039; baseline -0.004 -14"><span class='ocrx_word' id='word_1_28' title='bbox 355 974 477 1026; x_wconf 88' lang='lat' dir='ltr'>tenetur</span> <span class='ocrx_word' id='word_1_29' title='bbox 517 959 640 1023; x_wconf 87' lang='lat' dir='ltr'>credere</span> <span class='ocrx_word' id='word_1_30' title='bbox 679 956 768 1039; x_wconf 94' lang='lat' dir='ltr'>quod</span> <span class='ocrx_word' id='word_1_31' title='bbox 805 955 899 1020; x_wconf 90' lang='lat' dir='ltr'>habet</span> <span class='ocrx_word' id='word_1_32' title='bbox 936 953 1100 1019; x_wconf 87' lang='lat' dir='ltr'>Christum</span> <span class='ocrx_word' id='word_1_33' title='bbox 1141 956 1334 1020; x_wconf 88' lang='lat' dir='ltr'>sacerdotem</span> <span class='ocrx_word' id='word_1_34' title='bbox 1343 930 1370 968; x_wconf 58' lang='grc' dir='ltr'>ω</span> <span class='ocrx_word' id='word_1_35' title='bbox 1384 922 1563 1032; x_wconf 49' lang='lat' dir='ltr'>stipamine:</span> 
     </span>
     <span class='ocr_line' id='line_1_6' title="bbox 330 1060 1335 1146; baseline -0.004 -17"><span class='ocrx_word' id='word_1_36' title='bbox 330 1083 460 1145; x_wconf 77' lang='lat' dir='ltr'>smum,</span> <span class='ocrx_word' id='word_1_37' title='bbox 486 1076 651 1141; x_wconf 86' lang='lat' dir='ltr'>rectorem,</span> <span class='ocrx_word' id='word_1_38' title='bbox 679 1060 865 1145; x_wconf 87' lang='lat' dir='ltr'>episcopum</span> <span class='ocrx_word' id='word_1_39' title='bbox 887 1074 983 1146; x_wconf 85' lang='lat' dir='ltr'>atque</span> <span class='ocrx_word' id='word_1_40' title='bbox 1005 1081 1134 1144; x_wconf 80' lang='lat' dir='ltr'>papam,</span> <span class='ocrx_word' id='word_1_41' title='bbox 1168 1075 1200 1124; x_wconf 90' lang='lat' dir='ltr'>et</span> <span class='ocrx_word' id='word_1_42' title='bbox 1230 1060 1274 1125; x_wconf 86' lang='lat' dir='ltr'>sic</span> <span class='ocrx_word' id='word_1_43' title='bbox 1295 1062 1335 1126; x_wconf 88' lang='lat' dir='ltr'>de</span> 
     </span>
     <span class='ocr_line' id='line_1_7' title="bbox 354 1163 1334 1232; baseline -0.002 0"><span class='ocrx_word' id='word_1_44' title='bbox 354 1169 421 1232; x_wconf 89' lang='lat' dir='ltr'>aliis</span> <span class='ocrx_word' id='word_1_45' title='bbox 442 1166 557 1231; x_wconf 88' lang='lat' dir='ltr'>sanctis</span> <span class='ocrx_word' id='word_1_46' title='bbox 580 1164 695 1229; x_wconf 80' lang='lat' dir='ltr'>Christi</span> <span class='ocrx_word' id='word_1_47' title='bbox 718 1163 848 1228; x_wconf 84' lang='lat' dir='ltr'>vicariis.</span> <span class='ocrx_word' id='word_1_48' title='bbox 875 1163 938 1228; x_wconf 85' lang='lat' dir='ltr'>Sed</span> <span class='ocrx_word' id='word_1_49' title='bbox 971 1166 1151 1229; x_wconf 86' lang='lat' dir='ltr'>accedendo</span> <span class='ocrx_word' id='word_1_50' title='bbox 1183 1166 1222 1229; x_wconf 89' lang='lat' dir='ltr'>ad</span> <span class='ocrx_word' id='word_1_51' title='bbox 1251 1163 1334 1230; x_wconf 85' lang='lat' dir='ltr'>diffi-</span> 
     </span>
     <span class='ocr_line' id='line_1_8' title="bbox 354 1267 1335 1354; baseline -0.003 -19"><span class='ocrx_word' id='word_1_52' title='bbox 354 1273 502 1336; x_wconf 81' lang='lat' dir='ltr'><strong>cultatem</strong></span> <span class='ocrx_word' id='word_1_53' title='bbox 523 1269 650 1333; x_wconf 87' lang='lat' dir='ltr'>dicitur:</span> <span class='ocrx_word' id='word_1_54' title='bbox 673 1288 748 1332; x_wconf 91' lang='lat' dir='ltr'>curn</span> <span class='ocrx_word' id='word_1_55' title='bbox 769 1282 859 1332; x_wconf 86' lang='lat' dir='ltr'>actus</span> <span class='ocrx_word' id='word_1_56' title='bbox 880 1281 956 1332; x_wconf 87' lang='lat' dir='ltr'>sunt</span> <span class='ocrx_word' id='word_1_57' title='bbox 969 1267 1211 1353; x_wconf 89' lang='lat' dir='ltr'>suppositorum</span> <span class='ocrx_word' id='word_1_58' title='bbox 1225 1269 1335 1354; x_wconf 79' lang='lat' dir='ltr'>singu·</span> 
     </span>
     <span class='ocr_line' id='line_1_9' title="bbox 354 1371 1335 1440; baseline 0 0"><span class='ocrx_word' id='word_1_59' title='bbox 354 1376 466 1440; x_wconf 90' lang='lat' dir='ltr'>larium</span> <span class='ocrx_word' id='word_1_60' title='bbox 487 1390 519 1440; x_wconf 92' lang='lat' dir='ltr'>et</span> <span class='ocrx_word' id='word_1_61' title='bbox 542 1373 640 1438; x_wconf 86' lang='lat' dir='ltr'>nostri</span> <span class='ocrx_word' id='word_1_62' title='bbox 663 1372 771 1437; x_wconf 84' lang='lat' dir='ltr'>fideles</span> <span class='ocrx_word' id='word_1_63' title='bbox 802 1371 870 1437; x_wconf 75' lang='lat' dir='ltr'>laici</span> <span class='ocrx_word' id='word_1_64' title='bbox 900 1373 1139 1439; x_wconf 84' lang='lat' dir='ltr'>communicant</span> <span class='ocrx_word' id='word_1_65' title='bbox 1170 1394 1244 1438; x_wconf 90' lang='lat' dir='ltr'>cum</span> <span class='ocrx_word' id='word_1_66' title='bbox 1269 1375 1335 1440; x_wconf 85' lang='lat' dir='ltr'>suis</span> 
     </span>
     <span class='ocr_line' id='line_1_10' title="bbox 355 1476 1337 1565; baseline 0 -22"><span class='ocrx_word' id='word_1_67' title='bbox 355 1478 542 1565; x_wconf 83' lang='lat' dir='ltr'>presbyteris</span> <span class='ocrx_word' id='word_1_68' title='bbox 564 1490 596 1541; x_wconf 89' lang='lat' dir='ltr'>et</span> <span class='ocrx_word' id='word_1_69' title='bbox 618 1476 742 1558; x_wconf 81' lang='lat' dir='ltr'>curatis,</span> <span class='ocrx_word' id='word_1_70' title='bbox 765 1496 890 1541; x_wconf 86' lang='lat' dir='ltr'>necesse</span> <span class='ocrx_word' id='word_1_71' title='bbox 910 1477 959 1542; x_wconf 79' lang='lat' dir='ltr'>e&#39;st</span> <span class='ocrx_word' id='word_1_72' title='bbox 980 1478 1069 1562; x_wconf 91' lang='lat' dir='ltr'>quod</span> <span class='ocrx_word' id='word_1_73' title='bbox 1083 1476 1219 1542; x_wconf 90' lang='lat' dir='ltr'>habeant</span> <span class='ocrx_word' id='word_1_74' title='bbox 1239 1477 1337 1544; x_wconf 84' lang='lat' dir='ltr'>fidem</span> 
     </span>
     <span class='ocr_line' id='line_1_11' title="bbox 316 1580 1336 1667; baseline -0.003 -19"><span class='ocrx_word' id='word_1_75' title='bbox 316 1586 394 1656; x_wconf 62' lang='lat' dir='ltr'>rode</span> <span class='ocrx_word' id='word_1_76' title='bbox 415 1583 490 1648; x_wconf 89' lang='lat' dir='ltr'>illis:</span> <span class='ocrx_word' id='word_1_77' title='bbox 521 1582 595 1646; x_wconf 87' lang='lat' dir='ltr'>ideo</span> <span class='ocrx_word' id='word_1_78' title='bbox 627 1580 697 1644; x_wconf 87' lang='lat' dir='ltr'>laici</span> <span class='ocrx_word' id='word_1_79' title='bbox 729 1595 875 1645; x_wconf 87' lang='lat' dir='ltr'>tenentur</span> <span class='ocrx_word' id='word_1_80' title='bbox 906 1583 946 1645; x_wconf 90' lang='lat' dir='ltr'>de</span> <span class='ocrx_word' id='word_1_81' title='bbox 977 1581 1136 1667; x_wconf 81' lang='lat' dir='ltr'><strong>aliquibus</strong></span> <span class='ocrx_word' id='word_1_82' title='bbox 1167 1583 1336 1667; x_wconf 71' lang='lat' dir='ltr'>prepositis</span> 
     </span>
     <span class='ocr_line' id='line_1_12' title="bbox 355 1685 1335 1771; baseline -0.001 -18"><span class='ocrx_word' id='word_1_83' title='bbox 355 1688 419 1754; x_wconf 91' lang='lat' dir='ltr'>suis</span> <span class='ocrx_word' id='word_1_84' title='bbox 441 1687 564 1751; x_wconf 88' lang='lat' dir='ltr'>credere</span> <span class='ocrx_word' id='word_1_85' title='bbox 586 1686 698 1750; x_wconf 89' lang='lat' dir='ltr'>saltem</span> <span class='ocrx_word' id='word_1_86' title='bbox 718 1685 870 1769; x_wconf 85' lang='lat' dir='ltr'>implicite</span> <span class='ocrx_word' id='word_1_87' title='bbox 885 1686 975 1771; x_wconf 91' lang='lat' dir='ltr'>quod</span> <span class='ocrx_word' id='word_1_88' title='bbox 989 1700 1066 1751; x_wconf 92' lang='lat' dir='ltr'>sunt</span> <span class='ocrx_word' id='word_1_89' title='bbox 1081 1700 1185 1770; x_wconf 86' lang='lat' dir='ltr'>partes</span> <span class='ocrx_word' id='word_1_90' title='bbox 1207 1687 1335 1752; x_wconf 76' lang='lat' dir='ltr'>ecclesie</span> 
     </span>
     <span class='ocr_line' id='line_1_13' title="bbox 356 1789 1336 1877; baseline -0.003 -18"><span class='ocrx_word' id='word_1_91' title='bbox 356 1809 386 1859; x_wconf 92' lang='lat' dir='ltr'>et</span> <span class='ocrx_word' id='word_1_92' title='bbox 407 1793 506 1877; x_wconf 86' lang='lat' dir='ltr'>capita</span> <span class='ocrx_word' id='word_1_93' title='bbox 529 1811 596 1874; x_wconf 84' lang='lat' dir='ltr'>sua,</span> <span class='ocrx_word' id='word_1_94' title='bbox 628 1805 659 1855; x_wconf 85' lang='lat' dir='ltr'>et</span> <span class='ocrx_word' id='word_1_95' title='bbox 681 1790 720 1855; x_wconf 93' lang='lat' dir='ltr'>de</span> <span class='ocrx_word' id='word_1_96' title='bbox 742 1789 812 1854; x_wconf 88' lang='lat' dir='ltr'>aliis</span> <span class='ocrx_word' id='word_1_97' title='bbox 836 1811 901 1854; x_wconf 89' lang='lat' dir='ltr'>non</span> <span class='ocrx_word' id='word_1_98' title='bbox 923 1805 1081 1873; x_wconf 82' lang='lat' dir='ltr'>tenentur,</span> <span class='ocrx_word' id='word_1_99' title='bbox 1111 1804 1143 1855; x_wconf 88' lang='lat' dir='ltr'>et</span> <span class='ocrx_word' id='word_1_100' title='bbox 1165 1805 1336 1876; x_wconf 89' lang='lat' dir='ltr'>utrumque</span> 
     </span>
     <span class='ocr_line' id='line_1_14' title="bbox 356 1895 1337 1981; baseline -0.003 -19"><span class='ocrx_word' id='word_1_101' title='bbox 356 1898 534 1962; x_wconf 85' lang='lat' dir='ltr'><strong>membrum</strong></span> <span class='ocrx_word' id='word_1_102' title='bbox 557 1909 662 1981; x_wconf 85' lang='lat' dir='ltr'>potest</span> <span class='ocrx_word' id='word_1_103' title='bbox 677 1895 846 1978; x_wconf 79' lang='lat' dir='ltr'>subdividi,</span> <span class='ocrx_word' id='word_1_104' title='bbox 869 1897 919 1959; x_wconf 83' lang='lat' dir='ltr'>vel</span> <span class='ocrx_word' id='word_1_105' title='bbox 940 1897 1031 1981; x_wconf 94' lang='lat' dir='ltr'>quod</span> <span class='ocrx_word' id='word_1_106' title='bbox 1052 1909 1198 1961; x_wconf 87' lang='lat' dir='ltr'>tenentur</span> <span class='ocrx_word' id='word_1_107' title='bbox 1213 1896 1337 1960; x_wconf 87' lang='lat' dir='ltr'>credere</span> 
     </span>
     <span class='ocr_line' id='line_1_15' title="bbox 354 1999 1335 2085; baseline -0.005 -18"><span class='ocrx_word' id='word_1_108' title='bbox 354 2005 399 2068; x_wconf 85' lang='lat' dir='ltr'>sic</span> <span class='ocrx_word' id='word_1_109' title='bbox 420 2004 459 2068; x_wconf 91' lang='lat' dir='ltr'>de</span> <span class='ocrx_word' id='word_1_110' title='bbox 480 2001 541 2066; x_wconf 87' lang='lat' dir='ltr'>illis</span> <span class='ocrx_word' id='word_1_111' title='bbox 564 2002 739 2065; x_wconf 88' lang='lat' dir='ltr'>secundum</span> <span class='ocrx_word' id='word_1_112' title='bbox 761 2016 939 2085; x_wconf 85' lang='lat' dir='ltr'>presentem</span> <span class='ocrx_word' id='word_1_113' title='bbox 962 2001 1120 2065; x_wconf 86' lang='lat' dir='ltr'>iusticiam</span> <span class='ocrx_word' id='word_1_114' title='bbox 1141 2000 1193 2064; x_wconf 86' lang='lat' dir='ltr'>vel</span> <span class='ocrx_word' id='word_1_115' title='bbox 1214 1999 1335 2085; x_wconf 90' lang='lat' dir='ltr'>simpli·</span> 
     </span>
     <span class='ocr_line' id='line_1_16' title="bbox 317 2105 1339 2192; baseline -0.005 -16"><span class='ocrx_word' id='word_1_116' title='bbox 317 2110 430 2176; x_wconf 74' lang='lat' dir='ltr'>isciter</span> <span class='ocrx_word' id='word_1_117' title='bbox 452 2106 628 2171; x_wconf 88' lang='lat' dir='ltr'>secundum</span> <span class='ocrx_word' id='word_1_118' title='bbox 650 2105 966 2190; x_wconf 88' lang='lat' dir='ltr'>predestinacionem.</span> <span class='ocrx_word' id='word_1_119' title='bbox 997 2107 1091 2171; x_wconf 87' lang='lat' dir='ltr'>Tunc</span> <span class='ocrx_word' id='word_1_120' title='bbox 1112 2105 1226 2171; x_wconf 90' lang='lat' dir='ltr'>dicitur</span> <span class='ocrx_word' id='word_1_121' title='bbox 1250 2107 1339 2192; x_wconf 93' lang='lat' dir='ltr'>quod</span> 
     </span>
     <span class='ocr_line' id='line_1_17' title="bbox 356 2210 1338 2297; baseline 0 -21"><span class='ocrx_word' id='word_1_122' title='bbox 356 2213 424 2277; x_wconf 90' lang='lat' dir='ltr'>laici</span> <span class='ocrx_word' id='word_1_123' title='bbox 455 2232 518 2276; x_wconf 91' lang='lat' dir='ltr'>non</span> <span class='ocrx_word' id='word_1_124' title='bbox 550 2223 697 2275; x_wconf 86' lang='lat' dir='ltr'>tenentur</span> <span class='ocrx_word' id='word_1_125' title='bbox 726 2210 851 2274; x_wconf 87' lang='lat' dir='ltr'>credere</span> <span class='ocrx_word' id='word_1_126' title='bbox 883 2210 974 2274; x_wconf 88' lang='lat' dir='ltr'>aliter</span> <span class='ocrx_word' id='word_1_127' title='bbox 1004 2211 1044 2274; x_wconf 92' lang='lat' dir='ltr'>de</span> <span class='ocrx_word' id='word_1_128' title='bbox 1080 2230 1139 2274; x_wconf 95' lang='lat' dir='ltr'>suo</span> <span class='ocrx_word' id='word_1_129' title='bbox 1175 2211 1338 2297; x_wconf 85' lang='lat' dir='ltr'>preposito</span> 
     </span>
     <span class='ocr_line' id='line_1_18' title="bbox 356 2314 1338 2401; baseline 0 -20"><span class='ocrx_word' id='word_1_130' title='bbox 356 2317 415 2381; x_wconf 88' lang='lat' dir='ltr'>nisi</span> <span class='ocrx_word' id='word_1_131' title='bbox 430 2337 549 2381; x_wconf 84' lang='lat' dir='ltr'>verum</span> <span class='ocrx_word' id='word_1_132' title='bbox 572 2317 661 2380; x_wconf 88' lang='lat' dir='ltr'>Patet</span> <span class='ocrx_word' id='word_1_133' title='bbox 675 2314 737 2379; x_wconf 91' lang='lat' dir='ltr'>sic:</span> <span class='ocrx_word' id='word_1_134' title='bbox 754 2315 858 2379; x_wconf 87' lang='lat' dir='ltr'>Nemo</span> <span class='ocrx_word' id='word_1_135' title='bbox 872 2329 998 2379; x_wconf 88' lang='lat' dir='ltr'>tenetur</span> <span class='ocrx_word' id='word_1_136' title='bbox 1012 2315 1189 2401; x_wconf 90' lang='lat' dir='ltr'>quidquam</span> <span class='ocrx_word' id='word_1_137' title='bbox 1203 2317 1338 2401; x_wconf 87' lang='lat' dir='ltr'>credere,</span> 
     </span>
     <span class='ocr_line' id='line_1_19' title="bbox 356 2421 1337 2506; baseline 0.001 -21"><span class='ocrx_word' id='word_1_138' title='bbox 356 2422 414 2485; x_wconf 90' lang='lat' dir='ltr'>nisi</span> <span class='ocrx_word' id='word_1_139' title='bbox 444 2422 532 2506; x_wconf 91' lang='lat' dir='ltr'>quod</span> <span class='ocrx_word' id='word_1_140' title='bbox 554 2421 639 2484; x_wconf 87' lang='lat' dir='ltr'>Deus</span> <span class='ocrx_word' id='word_1_141' title='bbox 669 2434 776 2484; x_wconf 87' lang='lat' dir='ltr'>movet</span> <span class='ocrx_word' id='word_1_142' title='bbox 806 2440 880 2483; x_wconf 91' lang='lat' dir='ltr'>eum</span> <span class='ocrx_word' id='word_1_143' title='bbox 912 2421 1052 2502; x_wconf 83' lang='lat' dir='ltr'>credere;</span> <span class='ocrx_word' id='word_1_144' title='bbox 1082 2421 1138 2485; x_wconf 92' lang='lat' dir='ltr'>sed</span> <span class='ocrx_word' id='word_1_145' title='bbox 1160 2421 1245 2486; x_wconf 85' lang='lat' dir='ltr'>Deus</span> <span class='ocrx_word' id='word_1_146' title='bbox 1272 2442 1337 2486; x_wconf 94' lang='lat' dir='ltr'>non</span> 
     </span>
     <span class='ocr_line' id='line_1_20' title="bbox 357 2524 1339 2592; baseline 0.001 -1"><span class='ocrx_word' id='word_1_147' title='bbox 357 2540 464 2591; x_wconf 85' lang='lat' dir='ltr'>movet</span> <span class='ocrx_word' id='word_1_148' title='bbox 478 2524 643 2590; x_wconf 87' lang='lat' dir='ltr'>bominem</span> <span class='ocrx_word' id='word_1_149' title='bbox 657 2524 698 2588; x_wconf 91' lang='lat' dir='ltr'>ad</span> <span class='ocrx_word' id='word_1_150' title='bbox 717 2524 909 2588; x_wconf 91' lang='lat' dir='ltr'>credendum</span> <span class='ocrx_word' id='word_1_151' title='bbox 925 2524 1056 2590; x_wconf 76' lang='lat' dir='ltr'>falsum:</span> <span class='ocrx_word' id='word_1_152' title='bbox 1078 2525 1151 2589; x_wconf 87' lang='lat' dir='ltr'>ideo</span> <span class='ocrx_word' id='word_1_153' title='bbox 1166 2546 1231 2589; x_wconf 93' lang='lat' dir='ltr'>non</span> <span class='ocrx_word' id='word_1_154' title='bbox 1245 2527 1339 2592; x_wconf 85' lang='lat' dir='ltr'>debet</span> 
     </span>
     <span class='ocr_line' id='line_1_21' title="bbox 315 2628 1337 2717; baseline -0.002 -20"><span class='ocrx_word' id='word_1_155' title='bbox 315 2633 478 2698; x_wconf 70' lang='lat' dir='ltr'>accredere</span> <span class='ocrx_word' id='word_1_156' title='bbox 505 2630 633 2712; x_wconf 77' lang='lat' dir='ltr'>salsum3</span> <span class='ocrx_word' id='word_1_157' title='bbox 667 2630 739 2694; x_wconf 86' lang='lat' dir='ltr'>licet</span> <span class='ocrx_word' id='word_1_158' title='bbox 769 2628 855 2693; x_wconf 90' lang='lat' dir='ltr'>enim</span> <span class='ocrx_word' id='word_1_159' title='bbox 880 2650 918 2694; x_wconf 87' lang='lat' dir='ltr'>ex</span> <span class='ocrx_word' id='word_1_160' title='bbox 949 2628 1013 2694; x_wconf 90' lang='lat' dir='ltr'>lide</span> <span class='ocrx_word' id='word_1_161' title='bbox 1043 2629 1120 2694; x_wconf 80' lang='lat' dir='ltr'>falsa</span> <span class='ocrx_word' id='word_1_162' title='bbox 1144 2631 1337 2717; x_wconf 90' lang='lat' dir='ltr'>quandoque</span> 
     </span>
     <span class='ocr_line' id='line_1_22' title="bbox 356 2734 1337 2821; baseline 0 -22"><span class='ocrx_word' id='word_1_163' title='bbox 356 2736 478 2799; x_wconf 90' lang='lat' dir='ltr'>bonum</span> <span class='ocrx_word' id='word_1_164' title='bbox 493 2735 656 2821; x_wconf 88' lang='lat' dir='ltr'>proveniat</span> <span class='ocrx_word' id='word_1_165' title='bbox 672 2749 703 2799; x_wconf 90' lang='lat' dir='ltr'>et</span> <span class='ocrx_word' id='word_1_166' title='bbox 719 2734 804 2798; x_wconf 85' lang='lat' dir='ltr'>Deus</span> <span class='ocrx_word' id='word_1_167' title='bbox 819 2747 945 2798; x_wconf 85' lang='lat' dir='ltr'>moveat</span> <span class='ocrx_word' id='word_1_168' title='bbox 959 2734 1000 2798; x_wconf 82' lang='lat' dir='ltr'>ad</span> <span class='ocrx_word' id='word_1_169' title='bbox 1011 2734 1224 2800; x_wconf 84' lang='lat' dir='ltr'>substanciam</span> <span class='ocrx_word' id='word_1_170' title='bbox 1237 2749 1337 2820; x_wconf 86' lang='lat' dir='ltr'>actus,</span> 
     </span>
     <span class='ocr_line' id='line_1_23' title="bbox 357 2838 1337 2930; baseline 0.004 -27"><span class='ocrx_word' id='word_1_171' title='bbox 357 2855 459 2904; x_wconf 89' lang='lat' dir='ltr'>tamen</span> <span class='ocrx_word' id='word_1_172' title='bbox 483 2841 568 2905; x_wconf 85' lang='lat' dir='ltr'>Deus</span> <span class='ocrx_word' id='word_1_173' title='bbox 591 2860 655 2903; x_wconf 92' lang='lat' dir='ltr'>non</span> <span class='ocrx_word' id='word_1_174' title='bbox 677 2838 722 2902; x_wconf 86' lang='lat' dir='ltr'>sic</span> <span class='ocrx_word' id='word_1_175' title='bbox 745 2854 852 2904; x_wconf 86' lang='lat' dir='ltr'>movet</span> <span class='ocrx_word' id='word_1_176' title='bbox 873 2838 1051 2922; x_wconf 87' lang='lat' dir='ltr'>hominem,</span> <span class='ocrx_word' id='word_1_177' title='bbox 1083 2854 1119 2904; x_wconf 91' lang='lat' dir='ltr'>ut</span> <span class='ocrx_word' id='word_1_178' title='bbox 1140 2839 1265 2905; x_wconf 82' lang='lat' dir='ltr'>fallatur</span> <span class='ocrx_word' id='word_1_179' title='bbox 1285 2838 1337 2930; x_wconf 92' lang='lat' dir='ltr'>(ut</span> 
     </span>
     <span class='ocr_line' id='line_1_24' title="bbox 356 2941 1335 3033; baseline 0 -25"><span class='ocrx_word' id='word_1_180' title='bbox 356 2959 441 3028; x_wconf 87' lang='lat' dir='ltr'>patet</span> <span class='ocrx_word' id='word_1_181' title='bbox 462 2945 542 3009; x_wconf 87' lang='lat' dir='ltr'>libro</span> <span class='ocrx_word' id='word_1_182' title='bbox 570 2958 669 3027; x_wconf 82' lang='lat' dir='ltr'>sexto,</span> <span class='ocrx_word' id='word_1_183' title='bbox 692 2957 824 3007; x_wconf 87' lang='lat' dir='ltr'>tractatu</span> <span class='ocrx_word' id='word_1_184' title='bbox 846 2944 885 3008; x_wconf 91' lang='lat' dir='ltr'>de</span> <span class='ocrx_word' id='word_1_185' title='bbox 907 2944 1084 3026; x_wconf 76' lang='lat' dir='ltr'>mendacio,</span> <span class='ocrx_word' id='word_1_186' title='bbox 1105 2944 1245 3029; x_wconf 88' lang='lat' dir='ltr'>capitulo</span> <span class='ocrx_word' id='word_1_187' title='bbox 1270 2941 1335 3033; x_wconf 80' lang='grc'>-).</span> 
     </span>
     <span class='ocr_line' id='line_1_25' title="bbox 400 3046 1551 3140; baseline 0 -26"><span class='ocrx_word' id='word_1_188' title='bbox 400 3051 445 3114; x_wconf 83' lang='lat' dir='ltr'>Ex</span> <span class='ocrx_word' id='word_1_189' title='bbox 468 3050 534 3114; x_wconf 87' lang='lat' dir='ltr'>istis</span> <span class='ocrx_word' id='word_1_190' title='bbox 556 3063 642 3133; x_wconf 90' lang='lat' dir='ltr'>patet</span> <span class='ocrx_word' id='word_1_191' title='bbox 665 3046 805 3110; x_wconf 87' lang='lat' dir='ltr'>secundo</span> <span class='ocrx_word' id='word_1_192' title='bbox 827 3050 915 3132; x_wconf 90' lang='lat' dir='ltr'>quod</span> <span class='ocrx_word' id='word_1_193' title='bbox 938 3062 1047 3135; x_wconf 89' lang='lat' dir='ltr'>pastor</span> <span class='ocrx_word' id='word_1_194' title='bbox 1065 3062 1190 3114; x_wconf 86' lang='lat' dir='ltr'>tenetur</span> <span class='ocrx_word' id='word_1_195' title='bbox 1204 3069 1333 3114; x_wconf 88' lang='lat' dir='ltr'>monere</span> <span class='ocrx_word' id='word_1_196' title='bbox 1357 3080 1412 3128; x_wconf 63' lang='grc' dir='ltr'>ῃ,</span> <span class='ocrx_word' id='word_1_197' title='bbox 1427 3091 1514 3140; x_wconf 59' lang='lat' dir='ltr'>„m</span> <span class='ocrx_word' id='word_1_198' title='bbox 1528 3086 1551 3132; x_wconf 57' lang='grc' dir='ltr'>ἱ,</span> 
     </span>
    </p>
   </div>
   <div class='ocr_carea' id='block_1_4' title="bbox 317 3135 1563 3247">
    <p class='ocr_par' dir='ltr' id='par_1_4' title="bbox 317 3135 1563 3247">
     <span class='ocr_line' id='line_1_26' title="bbox 317 3135 1563 3247; baseline 0.001 -30"><span class='ocrx_word' id='word_1_199' title='bbox 317 3167 347 3220; x_wconf 78' lang='lat'>25</span> <span class='ocrx_word' id='word_1_200' title='bbox 357 3154 499 3218; x_wconf 89' lang='lat' dir='ltr'>subditos</span> <span class='ocrx_word' id='word_1_201' title='bbox 532 3174 607 3218; x_wconf 88' lang='lat' dir='ltr'>suos</span> <span class='ocrx_word' id='word_1_202' title='bbox 629 3171 686 3236; x_wconf 91' lang='lat' dir='ltr'>per</span> <span class='ocrx_word' id='word_1_203' title='bbox 707 3151 933 3218; x_wconf 87' lang='lat' dir='ltr'>instrucciones</span> <span class='ocrx_word' id='word_1_204' title='bbox 955 3174 1091 3238; x_wconf 88' lang='lat' dir='ltr'>operum</span> <span class='ocrx_word' id='word_1_205' title='bbox 1111 3154 1335 3237; x_wconf 80' lang='lat' dir='ltr'>virtuosorum,</span> <span class='ocrx_word' id='word_1_206' title='bbox 1344 3135 1563 3247; x_wconf 51' lang='grc' dir='ltr'>ξῗξξέκῗῆξῇῗ</span> 
     </span>
    </p>
   </div>
   <div class='ocr_carea' id='block_1_5' title="bbox 317 3240 1566 3866">
    <p class='ocr_par' dir='ltr' id='par_1_5' title="bbox 317 3240 1566 3866">
     <span class='ocr_line' id='line_1_27' title="bbox 358 3240 1566 3342; baseline 0 -19"><span class='ocrx_word' id='word_1_207' title='bbox 358 3273 394 3323; x_wconf 89' lang='lat' dir='ltr'>ut</span> <span class='ocrx_word' id='word_1_208' title='bbox 415 3258 510 3323; x_wconf 85' lang='lat' dir='ltr'>fidem</span> <span class='ocrx_word' id='word_1_209' title='bbox 531 3256 589 3320; x_wconf 90' lang='lat' dir='ltr'>sibi</span> <span class='ocrx_word' id='word_1_210' title='bbox 613 3254 781 3321; x_wconf 83' lang='lat' dir='ltr'>adhibeant</span> <span class='ocrx_word' id='word_1_211' title='bbox 814 3261 901 3342; x_wconf 87' lang='lat' dir='ltr'>quod</span> <span class='ocrx_word' id='word_1_212' title='bbox 924 3259 966 3323; x_wconf 90' lang='lat' dir='ltr'>sit</span> <span class='ocrx_word' id='word_1_213' title='bbox 987 3259 1067 3323; x_wconf 82' lang='lat' dir='ltr'>talis.</span> <span class='ocrx_word' id='word_1_214' title='bbox 1098 3261 1188 3324; x_wconf 89' lang='lat' dir='ltr'>Patet</span> <span class='ocrx_word' id='word_1_215' title='bbox 1217 3258 1337 3323; x_wconf 81' lang='lat' dir='ltr'>ex&#39;hoc</span> <span class='ocrx_word' id='word_1_216' title='bbox 1346 3240 1566 3340; x_wconf 51' lang='lat' dir='ltr'>”ssfflffl</span> 
     </span>
     <span class='ocr_line' id='line_1_28' title="bbox 358 3360 1336 3448; baseline 0.002 -23"><span class='ocrx_word' id='word_1_217' title='bbox 358 3363 444 3448; x_wconf 88' lang='lat' dir='ltr'>quod</span> <span class='ocrx_word' id='word_1_218' title='bbox 466 3360 554 3425; x_wconf 90' lang='lat' dir='ltr'>aliter</span> <span class='ocrx_word' id='word_1_219' title='bbox 576 3361 767 3444; x_wconf 86' lang='lat' dir='ltr'>acceptando</span> <span class='ocrx_word' id='word_1_220' title='bbox 794 3362 854 3426; x_wconf 89' lang='lat' dir='ltr'>tale</span> <span class='ocrx_word' id='word_1_221' title='bbox 881 3362 1026 3427; x_wconf 80' lang='lat' dir='ltr'>officium</span> <span class='ocrx_word' id='word_1_222' title='bbox 1052 3377 1195 3448; x_wconf 88' lang='lat' dir='ltr'>peccaret</span> <span class='ocrx_word' id='word_1_223' title='bbox 1219 3376 1336 3427; x_wconf 89' lang='lat' dir='ltr'>morta·</span> 
     </span>
     <span class='ocr_line' id='line_1_29' title="bbox 358 3464 1337 3551; baseline 0.002 -21"><span class='ocrx_word' id='word_1_224' title='bbox 358 3467 436 3548; x_wconf 86' lang='lat' dir='ltr'>liter,</span> <span class='ocrx_word' id='word_1_225' title='bbox 457 3486 569 3551; x_wconf 87' lang='lat' dir='ltr'>ymmo</span> <span class='ocrx_word' id='word_1_226' title='bbox 592 3464 772 3528; x_wconf 90' lang='lat' dir='ltr'>inducendo</span> <span class='ocrx_word' id='word_1_227' title='bbox 805 3466 911 3530; x_wconf 91' lang='lat' dir='ltr'>hostes</span> <span class='ocrx_word' id='word_1_228' title='bbox 943 3466 977 3530; x_wconf 92' lang='lat' dir='ltr'>in</span> <span class='ocrx_word' id='word_1_229' title='bbox 1008 3467 1173 3532; x_wconf 87' lang='lat' dir='ltr'>ecclesiam</span> <span class='ocrx_word' id='word_1_230' title='bbox 1191 3467 1337 3532; x_wconf 86' lang='lat' dir='ltr'>¹domurn</span> 
     </span>
     <span class='ocr_line' id='line_1_30' title="bbox 359 3557 1337 3656; baseline 0.002 -22"><span class='ocrx_word' id='word_1_231' title='bbox 359 3570 415 3634; x_wconf 84' lang='lat' dir='ltr'>uei</span> <span class='ocrx_word' id='word_1_232' title='bbox 437 3570 516 3635; x_wconf 89' lang='lat' dir='ltr'>foret</span> <span class='ocrx_word' id='word_1_233' title='bbox 536 3569 680 3655; x_wconf 87' lang='lat' dir='ltr'>proditor</span> <span class='ocrx_word' id='word_1_234' title='bbox 696 3569 753 3633; x_wconf 80' lang='lat' dir='ltr'>oei</span> <span class='ocrx_word' id='word_1_235' title='bbox 770 3571 828 3635; x_wconf 87' lang='lat' dir='ltr'>sui.</span> <span class='ocrx_word' id='word_1_236' title='bbox 852 3572 993 3648; x_wconf 91' lang='lat' dir='ltr'>Quando</span> <span class='ocrx_word' id='word_1_237' title='bbox 1015 3592 1090 3656; x_wconf 83' lang='lat' dir='ltr'>ergo</span> <span class='ocrx_word' id='word_1_238' title='bbox 1112 3557 1256 3636; x_wconf 74' lang='lat' dir='ltr'>subditus</span> <span class='ocrx_word' id='word_1_239' title='bbox 1272 3593 1337 3638; x_wconf 94' lang='lat' dir='ltr'>non</span> 
     </span>
     <span class='ocr_line' id='line_1_31' title="bbox 317 3673 1337 3761; baseline 0.003 -21"><span class='ocrx_word' id='word_1_240' title='bbox 317 3686 350 3740; x_wconf 83' lang='lat'>30</span> <span class='ocrx_word' id='word_1_241' title='bbox 359 3675 520 3758; x_wconf 81' lang='lat' dir='ltr'>cognoscit</span> <span class='ocrx_word' id='word_1_242' title='bbox 549 3674 623 3739; x_wconf 88' lang='lat' dir='ltr'>talia</span> <span class='ocrx_word' id='word_1_243' title='bbox 658 3673 820 3740; x_wconf 89' lang='lat' dir='ltr'>lmctuosa</span> <span class='ocrx_word' id='word_1_244' title='bbox 851 3696 949 3760; x_wconf 88' lang='lat' dir='ltr'>opera</span> <span class='ocrx_word' id='word_1_245' title='bbox 986 3675 1035 3739; x_wconf 92' lang='lat' dir='ltr'>sui</span> <span class='ocrx_word' id='word_1_246' title='bbox 1072 3676 1235 3761; x_wconf 74' lang='lat' dir='ltr'>prepositi,</span> <span class='ocrx_word' id='word_1_247' title='bbox 1271 3699 1337 3743; x_wconf 93' lang='lat' dir='ltr'>non</span> 
     </span>
     <span class='ocr_line' id='line_1_32' title="bbox 359 3779 1338 3866; baseline 0.005 -24"><span class='ocrx_word' id='word_1_248' title='bbox 359 3793 480 3843; x_wconf 88' lang='lat' dir='ltr'>tenetur</span> <span class='ocrx_word' id='word_1_249' title='bbox 510 3780 633 3843; x_wconf 90' lang='lat' dir='ltr'>credere</span> <span class='ocrx_word' id='word_1_250' title='bbox 663 3782 752 3865; x_wconf 90' lang='lat' dir='ltr'>quod</span> <span class='ocrx_word' id='word_1_251' title='bbox 785 3779 825 3845; x_wconf 88' lang='lat' dir='ltr'>sit</span> <span class='ocrx_word' id='word_1_252' title='bbox 856 3781 935 3847; x_wconf 88' lang='lat' dir='ltr'>talis.</span> <span class='ocrx_word' id='word_1_253' title='bbox 973 3780 1005 3845; x_wconf 81' lang='lat' dir='ltr'>si</span> <span class='ocrx_word' id='word_1_254' title='bbox 1039 3794 1146 3845; x_wconf 87' lang='lat' dir='ltr'>autem</span> <span class='ocrx_word' id='word_1_255' title='bbox 1177 3782 1338 3866; x_wconf 76' lang='lat' dir='ltr'>cognoscit</span> 
     </span>
    </p>
   </div>
   <div class='ocr_carea' id='block_1_6' title="bbox 359 3882 1338 3973">
    <p class='ocr_par' dir='ltr' id='par_1_6' title="bbox 359 3882 1338 3973">
     <span class='ocr_line' id='line_1_33' title="bbox 359 3882 1338 3973; baseline 0.006 -28"><span class='ocrx_word' id='word_1_256' title='bbox 359 3882 517 3969; x_wconf 87' lang='lat' dir='ltr'>implicite,</span> <span class='ocrx_word' id='word_1_257' title='bbox 540 3898 665 3948; x_wconf 88' lang='lat' dir='ltr'>tenetur</span> <span class='ocrx_word' id='word_1_258' title='bbox 686 3885 969 3971; x_wconf 87' lang='lat' dir='ltr'>proporcionaliter</span> <span class='ocrx_word' id='word_1_259' title='bbox 991 3886 1127 3967; x_wconf 86' lang='lat' dir='ltr'>credere,</span> <span class='ocrx_word' id='word_1_260' title='bbox 1155 3899 1188 3950; x_wconf 88' lang='lat' dir='ltr'>et</span> <span class='ocrx_word' id='word_1_261' title='bbox 1208 3888 1338 3973; x_wconf 87' lang='lat' dir='ltr'>quando</span> 
     </span>
    </p>
   </div>
   <div class='ocr_carea' id='block_1_7' title="bbox 353 4087 1338 4498">
    <p class='ocr_par' dir='ltr' id='par_1_7' title="bbox 353 4087 1338 4498">
     <span class='ocr_line' id='line_1_34' title="bbox 401 4087 1337 4151; baseline 0.006 -17"><span class='ocrx_word' id='word_1_262' title='bbox 401 4087 475 4136; x_wconf 52' lang='lat' dir='ltr'>&amp;AB</span> <span class='ocrx_word' id='word_1_263' title='bbox 490 4091 512 4135; x_wconf 87' lang='lat' dir='ltr'>ln</span> <span class='ocrx_word' id='word_1_264' title='bbox 527 4102 605 4147; x_wconf 70' lang='lat' dir='ltr'>marga</span> <span class='ocrx_word' id='word_1_265' title='bbox 620 4089 762 4146; x_wconf 78' lang='lat' dir='ltr'>Conclusi03</span> <span class='ocrx_word' id='word_1_266' title='bbox 776 4093 797 4137; x_wconf 78' lang='lat' dir='ltr'>A</span> <span class='ocrx_word' id='word_1_267' title='bbox 808 4091 830 4135; x_wconf 87' lang='lat' dir='ltr'>iu</span> <span class='ocrx_word' id='word_1_268' title='bbox 841 4101 918 4145; x_wconf 72' lang='lat' dir='ltr'>marg:</span> <span class='ocrx_word' id='word_1_269' title='bbox 933 4089 968 4133; x_wconf 84' lang='lat' dir='ltr'>De</span> <span class='ocrx_word' id='word_1_270' title='bbox 982 4091 1111 4148; x_wconf 82' lang='lat' dir='ltr'>prepositis</span> <span class='ocrx_word' id='word_1_271' title='bbox 1120 4093 1242 4151; x_wconf 80' lang='lat' dir='ltr'>quomodo</span> <span class='ocrx_word' id='word_1_272' title='bbox 1255 4101 1337 4140; x_wconf 83' lang='lat' dir='ltr'>renea·</span> 
     </span>
     <span class='ocr_line' id='line_1_35' title="bbox 358 4158 1336 4222; baseline 0.008 -20"><span class='ocrx_word' id='word_1_273' title='bbox 358 4166 396 4204; x_wconf 90' lang='lat' dir='ltr'>tur</span> <span class='ocrx_word' id='word_1_274' title='bbox 408 4159 493 4206; x_wconf 83' lang='lat' dir='ltr'>subditi</span> <span class='ocrx_word' id='word_1_275' title='bbox 507 4161 608 4206; x_wconf 85' lang='lat' dir='ltr'>credere.</span> <span class='ocrx_word' id='word_1_276' title='bbox 627 4161 720 4217; x_wconf 79' lang='lat' dir='ltr'>(Abore</span> <span class='ocrx_word' id='word_1_277' title='bbox 734 4160 886 4215; x_wconf 77' lang='lat' dir='ltr'>134·uitbout</span> <span class='ocrx_word' id='word_1_278' title='bbox 905 4160 972 4205; x_wconf 80' lang='lat' dir='ltr'>mark</span> <span class='ocrx_word' id='word_1_279' title='bbox 989 4158 1018 4205; x_wconf 86' lang='lat' dir='ltr'>ol</span> <span class='ocrx_word' id='word_1_280' title='bbox 1035 4160 1172 4218; x_wconf 74' lang='lat' dir='ltr'>reference)</span> <span class='ocrx_word' id='word_1_281' title='bbox 1192 4162 1245 4209; x_wconf 76' lang='lat' dir='ltr'>Bia</span> <span class='ocrx_word' id='word_1_282' title='bbox 1260 4176 1336 4222; x_wconf 71' lang='lat' dir='ltr'>margi</span> 
     </span>
     <span class='ocr_line' id='line_1_36' title="bbox 353 4226 1338 4290; baseline 0.007 -17"><span class='ocrx_word' id='word_1_283' title='bbox 353 4226 403 4273; x_wconf 42' lang='lat' dir='ltr'>*Hie</span> <span class='ocrx_word' id='word_1_284' title='bbox 416 4237 479 4289; x_wconf 86' lang='lat' dir='ltr'>neta,</span> <span class='ocrx_word' id='word_1_285' title='bbox 492 4231 613 4288; x_wconf 89' lang='lat' dir='ltr'>quomodo</span> <span class='ocrx_word' id='word_1_286' title='bbox 622 4232 765 4278; x_wconf 84' lang='lat' dir='ltr'>credendum</span> <span class='ocrx_word' id='word_1_287' title='bbox 779 4239 814 4276; x_wconf 86' lang='lat' dir='ltr'>est</span> <span class='ocrx_word' id='word_1_288' title='bbox 827 4230 963 4288; x_wconf 79' lang='lat' dir='ltr'>prepositos</span> <span class='ocrx_word' id='word_1_289' title='bbox 976 4237 1072 4276; x_wconf 89' lang='lat' dir='ltr'>nostros</span> <span class='ocrx_word' id='word_1_290' title='bbox 1085 4244 1137 4277; x_wconf 87' lang='lat' dir='ltr'>esse</span> <span class='ocrx_word' id='word_1_291' title='bbox 1145 4239 1223 4290; x_wconf 82' lang='lat' dir='ltr'>parter</span> <span class='ocrx_word' id='word_1_292' title='bbox 1232 4234 1338 4280; x_wconf 83' lang='lat' dir='ltr'>ecclesie.</span> 
     </span>
     <span class='ocr_line' id='line_1_37' title="bbox 359 4297 1337 4361; baseline 0.007 -20"><span class='ocrx_word' id='word_1_293' title='bbox 359 4297 430 4344; x_wconf 71' lang='lat' dir='ltr'>ibide</span> <span class='ocrx_word' id='word_1_294' title='bbox 451 4298 515 4346; x_wconf 83' lang='lat' dir='ltr'>dei</span> <span class='ocrx_word' id='word_1_295' title='bbox 537 4307 645 4347; x_wconf 84' lang='lat' dir='ltr'>tenentur</span> <span class='ocrx_word' id='word_1_296' title='bbox 660 4301 756 4347; x_wconf 88' lang='lat' dir='ltr'>eredere</span> <span class='ocrx_word' id='word_1_297' title='bbox 774 4300 803 4346; x_wconf 85' lang='lat' dir='ltr'>de</span> <span class='ocrx_word' id='word_1_298' title='bbox 822 4300 938 4358; x_wconf 77' lang='lat' dir='ltr'>aliquibus</span> <span class='ocrx_word' id='word_1_299' title='bbox 960 4311 1058 4346; x_wconf 88' lang='lat' dir='ltr'>suorum</span> <span class='ocrx_word' id='word_1_300' title='bbox 1079 4301 1253 4359; x_wconf 86' lang='lat' dir='ltr'>prepositomm</span> <span class='ocrx_word' id='word_1_301' title='bbox 1274 4303 1337 4361; x_wconf 84' lang='lat' dir='ltr'>quod</span> 
     </span>
     <span class='ocr_line' id='line_1_38' title="bbox 359 4368 1336 4431; baseline 0.007 -21"><span class='ocrx_word' id='word_1_302' title='bbox 359 4375 413 4413; x_wconf 86' lang='lat' dir='ltr'>sunt</span> <span class='ocrx_word' id='word_1_303' title='bbox 425 4379 500 4425; x_wconf 80' lang='lat' dir='ltr'>parrer</span> <span class='ocrx_word' id='word_1_304' title='bbox 514 4369 619 4415; x_wconf 83' lang='lat' dir='ltr'>ecclesie.</span> <span class='ocrx_word' id='word_1_305' title='bbox 678 4370 738 4416; x_wconf 57' lang='lat' dir='ltr'>aad</span> <span class='ocrx_word' id='word_1_306' title='bbox 751 4370 844 4427; x_wconf 87' lang='lat' dir='ltr'>quinto:</span> <span class='ocrx_word' id='word_1_307' title='bbox 857 4376 956 4415; x_wconf 80' lang='lat' dir='ltr'>trectstn</span> <span class='ocrx_word' id='word_1_308' title='bbox 967 4369 1127 4415; x_wconf 74' lang='lat' dir='ltr'>demandatio</span> <span class='ocrx_word' id='word_1_309' title='bbox 1138 4368 1162 4416; x_wconf 86' lang='lat' dir='ltr'>ln</span> <span class='ocrx_word' id='word_1_310' title='bbox 1172 4382 1246 4431; x_wconf 53' lang='lat' dir='ltr'>marg</span> <span class='ocrx_word' id='word_1_311' title='bbox 1254 4382 1301 4417; x_wconf 83' lang='lat' dir='ltr'>nos</span> <span class='ocrx_word' id='word_1_312' title='bbox 1312 4370 1336 4417; x_wconf 85' lang='lat' dir='ltr'>ln</span> 
     </span>
     <span class='ocr_line' id='line_1_39' title="bbox 357 4436 1173 4498; baseline 0.007 -18"><span class='ocrx_word' id='word_1_313' title='bbox 357 4442 428 4483; x_wconf 77' lang='lat' dir='ltr'>textu.</span> <span class='ocrx_word' id='word_1_314' title='bbox 441 4437 509 4486; x_wconf 82' lang='lat' dir='ltr'>Liber</span> <span class='ocrx_word' id='word_1_315' title='bbox 522 4447 601 4485; x_wconf 80' lang='lat' dir='ltr'>sextus</span> <span class='ocrx_word' id='word_1_316' title='bbox 614 4439 634 4484; x_wconf 82' lang='lat' dir='ltr'>is</span> <span class='ocrx_word' id='word_1_317' title='bbox 647 4438 658 4485; x_wconf 86' lang='lat'>1</span> <span class='ocrx_word' id='word_1_318' title='bbox 671 4451 776 4498; x_wconf 86' lang='lat' dir='ltr'>suppose</span> <span class='ocrx_word' id='word_1_319' title='bbox 790 4441 833 4485; x_wconf 81' lang='lat' dir='ltr'>tlte</span> <span class='ocrx_word' id='word_1_320' title='bbox 842 4439 877 4484; x_wconf 84' lang='lat' dir='ltr'>De</span> <span class='ocrx_word' id='word_1_321' title='bbox 891 4437 994 4485; x_wconf 81' lang='lat' dir='ltr'>Verltste</span> <span class='ocrx_word' id='word_1_322' title='bbox 1007 4436 1033 4485; x_wconf 82' lang='lat' dir='ltr'>S.</span> <span class='ocrx_word' id='word_1_323' title='bbox 1045 4437 1173 4497; x_wconf 76' lang='lat' dir='ltr'>Scriptores</span> 
     </span>
    </p>
   </div>
   <div class='ocr_carea' id='block_1_8' title="bbox 0 0 1643 5226">
    <p class='ocr_par' dir='ltr' id='par_1_8' title="bbox 0 0 1643 5226">
     <span class='ocr_line' id='line_1_40' title="bbox 0 0 1643 5226; baseline 0 0"><span class='ocrx_word' id='word_1_324' title='bbox 0 0 1643 5226; x_wconf 95' lang='lat' dir='ltr'> </span> 
     </span>
    </p>
   </div>
  </div>
 </body>
</html>
