3262 5226
702 481 872 536 ronanus
889 482 1041 536 wrcarr.
1221 462 1307 554 [cre.
1323 475 1365 522 xe

374 639 542 703 hominem
564 639 665 722 magis
688 658 795 723 capax.
827 640 894 703 Nec
916 638 1041 702 videtur
1064 637 1256 702 racionabile
1279 637 1370 722 quin,
1384 651 1485 709 160¹B

375 744 544 829 supposita
558 743 730 827 capacitate
745 742 779 805 in
795 743 955 808 monacho
967 744 1018 806 vel
1033 761 1230 829 quocunque
1247 741 1371 806 lamulo

374 848 459 913 illius
481 848 555 931 loci,
586 846 713 912 habebit
747 846 885 912 lructum
922 846 1077 932 privilegii
1109 861 1183 931 post
1214 845 1369 910 delictum

375 952 476 1017 eciam
491 952 604 1038 pocius
627 972 726 1036 quam
741 972 830 1016 unus·
847 965 1027 1033 extraneus;
1049 951 1140 1015 aliter
1159 951 1246 1014 enim
1262 951 1370 1014 omnis

339 1140 344 1151 ι
375 1056 605 1122 contumaciter
627 1056 670 1120 ibi
692 1055 858 1141 quiescens
881 1056 913 1119 in
942 1056 1073 1120 crimine
1097 1069 1132 1120 ut
1155 1055 1199 1119 sic
1223 1054 1396 1139 indispo·5

377 1175 463 1226 neret
484 1182 518 1224 se
539 1162 580 1226 ad
602 1161 789 1225 habendum
810 1159 1012 1245 privilegium
1034 1159 1265 1244 supradictum.

164 1269 324 1379 {3555va
337 1271 358 1316 ἰ*
419 1264 490 1328 lstis
511 1264 673 1349 premissis
694 1262 817 1327 videtur
832 1263 909 1327 mihi
926 1264 976 1350 (ut
991 1262 1083 1351 alias)
1098 1265 1200 1348 quod,
1215 1263 1290 1328 licet
1313 1281 1405 1347 pero

157 1373 175 1420 ³¹
188 1334 366 1472 nigidii
376 1381 479 1432 totam
506 1367 658 1453 Angliam
688 1367 846 1453 indulgeri
878 1368 971 1432 debet
998 1367 1187 1432 omnimoda
1210 1365 1371 1449 remissio,

243 1438 307 1485 ω’
375 1475 415 1537 de
437 1487 562 1557 quanto
576 1486 670 1536 sonat
692 1471 724 1534 in
740 1471 992 1538 misericordiam
1008 1486 1040 1538 et
1062 1492 1127 1535 non
1144 1471 1237 1552 ultra,
1260 1484 1370 1534 tamen

375 1597 434 1662 pro
456 1577 531 1642 loco
553 1576 831 1641 westmonasterii
859 1577 973 1640 servari
1001 1577 1096 1641 debet
1121 1574 1275 1659 generalis
1297 1574 1415 1647 talis10

374 1680 523 1745 remissio
544 1680 661 1745 virtute
676 1679 842 1764 singularis
864 1680 1017 1766 privilegii
1041 1679 1093 1764 pie
1117 1678 1259 1743 concessi
1283 1700 1301 1741 a
1320 1697 1369 1742 re·

176 1788 222 1835 ⁸¹¹⁸
237 1801 251 1834 ι
265 1788 352 1846 spectu
374 1786 467 1871 gibus
491 1784 535 1847 illi
558 1787 643 1849 loco.
667 1784 772 1848 Prima
795 1805 866 1869 pars
894 1799 981 1870 patet
1007 1806 1046 1849 ex
1069 1786 1130 1848 hoc
1158 1784 1247 1868 quod
1270 1781 1368 1868 privi-

188 1841 342 1939 io'iiiiie‘ieii
374 1889 466 1974 legia,
489 1908 565 1953 cum
596 1888 644 1974 (in
676 1904 833 1972 quantum
867 1886 1067 1975 huiusmodi)
1091 1901 1208 1974 sonant
1244 1906 1302 1972 per
1334 1908 1368 1950 se

157 1944 511 2074 ciiiieirniiniiir,b0„um‚
538 2006 613 2057 sunt
635 1991 866 2057 racionabiliter
887 1993 1113 2077 amplexanda;
1145 2013 1222 2055 nam
1252 1989 1369 2055 melius

375 2111 458 2162 esset
484 2098 575 2182 quod
594 2110 663 2161 tota
685 2097 816 2161 ecclesia
837 2097 965 2163 haberet
985 2097 1200 2182 privilegium,
1224 2096 1286 2160 hoc
1310 2109 1369 2177 est,
1383 2116 1413 2171 15

374 2203 478 2287 legem
509 2203 550 2266 ad
581 2201 630 2266 sui
663 2203 872 2266 commodum
904 2224 1003 2287 quam
1036 2203 1126 2288 quod
1157 2201 1264 2284 aliqua
1296 2219 1370 2283 pars

375 2306 504 2371 ecclesie
519 2327 538 2370 a
553 2306 719 2392 privilegio
734 2327 809 2370 vero
832 2306 965 2387 deficiat,
981 2306 1057 2392 quia
1079 2307 1120 2370 de
1142 2319 1233 2398 tanto
1257 2316 1369 2388 peccat
1451 2352 1457 2361 .

373 2412 423 2474 vel
444 2411 578 2496 punitur
598 2411 638 2474 de
659 2424 781 2495 quanto
804 2410 910 2475 deficit
932 2433 950 2474 a
972 2411 1076 2496 plenis
1097 2408 1270 2496 privilegiis
1293 2407 1368 2472 bea·

375 2529 492 2580 torum
540 2516 581 2580 Et
613 2530 701 2597 patet
731 2516 820 2600 quod
843 2517 969 2580 nullum
992 2531 1039 2580 est
1062 2514 1276 2600 privilegium,
1306 2511 1366 2575 nisi

375 2621 414 2683 de
435 2634 560 2704 quanto
575 2635 668 2684 sonat
691 2620 723 2682 in
747 2621 954 2684 elemosinam
970 2621 1021 2684 vel
1037 2639 1120 2704 opus
1142 2615 1367 2698 misericordie,
1380 2651 1414 2689 20

374 2724 451 2809 quia
474 2744 539 2786 non
559 2739 607 2788 est
622 2722 833 2809 privilegium,
850 2724 907 2788 nisi
924 2727 962 2789 de
978 2739 1103 2809 quanto
1123 2720 1369 2786 misericorditer

375 2830 503 2892 datura
519 2829 598 2912 Deo,
614 2851 746 2914 vergens
761 2829 884 2894 homini
900 2832 940 2894 ad
955 2829 1147 2915 proiectum.
1172 2828 1211 2892 Et
1226 2825 1369 2891 secunda

170 2949 348 3007 satornana
376 2954 449 3018 pars
480 2948 569 3018 patet
599 2955 638 2997 ex
669 2934 730 2999 hoc
759 2937 848 3020 quod
870 2949 998 3019 oportet
1020 2931 1264 2998 concessionem
1286 2929 1369 3015 regis

177 3003 346 3110 ‘wiiiniiffl
375 3036 491 3101 habere
521 3039 691 3122 specialem
713 3037 884 3102 efficaciam
908 3038 949 3101 ibi
984 3036 1171 3121 diligencius
1198 3030 1381 3098 observan·'

374 3142 460 3223 dam,
483 3164 559 3206 narn
582 3143 670 3206 aliter
693 3143 773 3206 loret
796 3143 918 3206 frustra.
952 3143 994 3206 Et
1016 3163 1054 3204 ex
1077 3142 1143 3205 istis
1166 3152 1254 3225 patet
1277 3140 1412 3223 quod25

373 3247 500 3309 nullum
537 3247 738 3332 privilegium
777 3260 824 3310 est
860 3247 919 3310 iuri
951 3246 1117 3312 communi
1159 3243 1368 3326 contrarium,

374 3371 448 3413 nam
473 3351 497 3412 si
523 3350 614 3433 loret,
631 3365 706 3414 tunc
730 3366 810 3417 esset
833 3366 941 3415 contra
957 3351 1115 3415 iusticiam
1131 3363 1162 3413 et
1176 3368 1234 3433 per
1255 3368 1364 3412 conse·

176 3470 215 3516 uo
230 3471 343 3528 privilege
374 3476 475 3539 quens
508 3456 557 3517 lex
588 3455 699 3538 iniqua
723 3470 754 3519 et
778 3476 843 3519 non
865 3456 1079 3539 privilegium.
1126 3455 1220 3520 Unde
1243 3452 1370 3516 videtur

175 3535 229 3577 may
243 3524 272 3567 be
286 3535 345 3568 con·

169 3583 350 3672 ung-oplan-
375 3558 452 3620 mihi
475 3558 611 3622 omnino
634 3559 810 3643 insipidum
825 3560 946 3624 dictum
961 3563 1168 3646 quorundam
1184 3556 1367 3622 dicencium

374 3663 463 3747 quod
486 3683 553 3725 non
577 3677 659 3726 esset
674 3662 695 3707 *
709 3663 921 3749 privilegium,
941 3664 1000 3727 nisi
1024 3664 1106 3729 foret
1121 3664 1179 3727 iuri
1200 3661 1443 3732 communitor·

375 3767 580 3830 contrarium.
627 3768 711 3831 Nam
742 3767 826 3831 licita
856 3768 993 3831 variacio
1026 3768 1103 3832 ritus
1135 3787 1195 3853 pro
1226 3767 1301 3832 loco
1335 3779 1371 3830 et

375 3884 522 3954 tempore
545 3892 612 3934 non
633 3885 679 3935 est
699 3872 895 3936 contrarium
909 3870 1030 3936 veritati
1047 3887 1078 3935 et
1093 3890 1150 3955 per
1167 3890 1370 3956 consequens

375 3973 454 4037 nulli
478 3973 551 4059 legi.
598 3975 674 4040 ldeo
696 3990 824 4061 oportet
846 3975 1079 4060 privilegiantes
1102 3973 1240 4037 omnino
1264 3987 1369 4037 atten-

414 4225 435 4269 7.
455 4217 477 4258 Α
491 4215 516 4260 ln
531 4226 621 4272 margo
635 4215 713 4262 Prlma
727 4215 857 4261 conclusio.
964 4225 993 4260 tr.
1008 4215 1029 4259 Α
1044 4214 1089 4270 Δρ
1107 4213 1222 4257 noceam
1238 4209 1371 4270 privilegia.

375 4293 407 4337 ro.
433 4284 454 4328 Α
476 4282 499 4328 in
520 4296 607 4340 marga
629 4281 797 4332 Correlrrlnm.
870 4332 873 4341 ⁸
914 4295 949 4328 ro.
971 4284 1007 4328 As
1032 4288 1127 4327 sonant.
1247 4279 1283 4327 ab.
1304 4282 1327 4326 Α
1345 4281 1370 4329 ia

375 4363 463 4406 maros
478 4351 648 4399 correlarlnm.
680 4385 681 4389 ,
754 4353 790 4399 ad.
805 4353 823 4398 B
837 4354 860 4398 ia
875 4364 962 4410 maran
977 4349 1128 4408 Prlvlleglnm
1142 4360 1191 4395 non
1202 4351 1371 4399 estcommnal

373 4420 418 4466 inrl
433 4422 590 4468 eontrarium.
981 4448 985 4454 -
1083 4448 1086 4454 ·
