3262 5226
121 652 190 699 ω-
202 638 267 730 xta}
496 658 542 710 na
560 656 736 711 occursu.

88 827 113 895 ρ
125 827 156 878 et
172 814 317 899 requiem
333 835 431 899 quam
447 813 613 880 adversarii
629 832 770 898 quorum
778 809 856 875 laisa
864 808 1113 875 exheredacione

125 930 155 981 ct
188 938 261 981 ceca
294 918 491 983 excitacione
522 932 571 983 tot
592 917 690 1003 prelia
710 915 867 980 oriuntur.
904 914 1009 980 Unde.
1022 914 1114 979 testis

123 1022 163 1085 sit
179 1022 257 1086 mihi
274 1024 375 1087 Deus:
392 1024 463 1107 Ego
479 1023 593 1088 veliem
609 1022 634 1085 si
650 1023 719 1086 Deo
733 1022 871 1107 placeret
884 1019 973 1105 quod
988 1018 1113 1083 nedum

124 1126 176 1189 illa
200 1127 331 1191 ecclesia
363 1129 418 1191 sed
447 1127 588 1212 quelibet
618 1125 748 1191 ecclesia
784 1123 960 1210 Anglicana
982 1122 1114 1187 haberet

98 1246 179 1312 §per
206 1230 404 1314 precinctum
430 1230 541 1317 viginti
569 1230 750 1294 milliarium
782 1229 910 1314 plenam
932 1227 1111 1292 libertatem

123 1355 183 1416 pro
207 1335 360 1400 omnibus
383 1334 533 1419 lugitiria,
556 1336 641 1398 unde
661 1336 788 1421 plenam
804 1332 981 1397 libertatem
1002 1346 1111 1398 sande

123 1439 234 1501 matris
257 1438 388 1504 ecclesie
410 1439 489 1504 sicio
512 1441 612 1504 modo
633 1460 718 1504 meo.

165 1543 316 1606 Secundo
339 1543 555 1628 principaliter
585 1545 726 1629 arguitur
752 1564 809 1627 per
830 1542 892 1607 hoc
912 1544 1002 1628 quod
1023 1541 1108 1606 dicta
1138 1560 1177 1647 ἆ·
1192 1549 1320 1650 qunn

122 1647 161 1709 de
183 1661 342 1730 potestate
363 1648 581 1733 privilegiandi
605 1650 722 1713 nedum
745 1661 862 1713 sonant
883 1647 915 1711 in
940 1647 998 1711 Dei
1024 1647 1107 1711 blas·
1116 1614 1336 1755 itamari?

88 1752 287 1835 „phemiam
300 1753 356 1816 sed
371 1754 525 1839 derogant
546 1754 693 1838 potestati
708 1775 793 1839 pape
813 1766 844 1817 et
863 1751 977 1837 regalie
996 1773 1107 1838 regum
1160 1720 1295 1818 limfa

122 1857 230 1922 seculi.
264 1858 394 1924 Dictum
424 1873 471 1923 est
493 1859 578 1923 enim
601 1859 688 1943 quod
715 1859 803 1922 Deus
825 1878 891 1922 non
913 1870 1020 1942 potest
1048 1877 1107 1921 au·

122 1959 201 2024 ierrc
225 1963 399 2048 quicquam
422 1965 462 2026 ab
486 1962 614 2028 homine
637 1977 738 2028 stante
760 1962 829 2026 iure
851 1982 922 2044 suo,
937 1961 996 2025 nisi
1019 1961 1109 2026 satis·

123 2064 215 2130 iaciat
243 2068 386 2149 aliunde3
417 2070 507 2153 quod
538 2083 693 2153 repugnat
716 2066 863 2152 potencie
885 2064 1109 2147 adnichilandi,

121 2185 152 2234 ct
170 2172 275 2236 multo
290 2172 392 2257 magis
407 2172 559 2237 dominus
574 2194 656 2258 papa
673 2193 738 2236 non
761 2184 867 2257 potest
882 2169 965 2235 licite
988 2169 1109 2234 aniene

87 2289 111 2343 rs
122 2275 314 2342 beneficium
337 2299 354 2340 a
371 2277 469 2362 digno
485 2278 544 2341 nisi
559 2277 734 2363 deliquerit.
758 2278 824 2341 Nec
839 2296 893 2341 rex
906 2275 1000 2341 habet
1015 2294 1112 2359 super
1162 2324 1167 2331 .

122 2382 274 2446 omnibus
312 2383 405 2448 bonis
441 2384 491 2447 sui
528 2384 615 2468 regni
651 2384 785 2469 plenum
822 2380 1018 2463 dominium,
1045 2400 1110 2466 que

127 2486 275 2550 videntur
297 2509 409 2551 sonare
432 2489 664 2574 blasphemiam
686 2503 718 2553 ct
740 2487 947 2572 sacrilegium.

87 2602 111 2653 ο
166 2592 226 2656 llic
243 2608 375 2677 negatur
390 2592 565 2675 conclusio,
581 2614 654 2657 cum
670 2594 756 2658 Deus
772 2592 915 2656 absolute
931 2590 1105 2657 necessario
1116 2606 1271 2656 mannos
1278 2612 1335 2657 rste

121 2697 215 2760 habet
247 2718 409 2761 summam
435 2712 623 2782 potestatem
654 2697 881 2784 privilegiandi,
912 2712 943 2762 et
975 2697 1030 2761 ilia
1060 2709 1108 2760 est
1128 2661 1327 2771 iid'r'iis‘ridi?

87 2824 111 2859 ro
122 2799 285 2866 infinitum
302 2802 403 2866 maior
419 2823 517 2887 quam
532 2803 637 2888 aliqua
648 2817 789 2887 potestas
803 2817 915 2868 creata.
939 2803 1107 2880 Quantum
1130 2766 1321 2876 '‘hildim‘'

121 2906 161 2966 ad
185 2905 323 2989 primam
347 2907 544 2988 instanciam,
567 2908 695 2970 concedi
718 2908 812 2971 debet
831 2905 1008 2970 conclusio:
1032 2924 1107 2968 nam

121 3011 145 3073 si
172 3012 258 3074 Deus
280 3010 382 3077 aufert
412 3013 591 3097 quidquam
617 3012 656 3074 ab
682 3010 812 3076 homine
836 3024 936 3075 stante
956 3009 1025 3074 iure
1047 3029 1108 3075 suo

121 3114 189 3178 sine
221 3114 284 3181 hoc
316 3118 404 3203 quod
434 3130 652 3202 recompenset
673 3116 812 3201 aliunde,
847 3128 922 3180 tunc
945 3115 1110 3179 iniuriatur

99 3219 166 3280 tilli
191 3221 329 3304 homini,
352 3223 441 3307 quod
465 3243 530 3285 non
552 3234 666 3307 potest.
704 3223 788 3284 Nam
809 3220 929 3284 iustum
952 3220 1109 3305 estquod

86 3323 251 3389 &haberet
274 3327 426 3411 ablatum,
459 3349 534 3391 cum
564 3341 625 3391 stat
653 3326 701 3389 ius
723 3326 876 3410 primum,
908 3339 944 3391 ut
966 3324 1107 3409 ponitur,

123 3430 177 3492 sed
201 3451 299 3493 nemo
322 3445 370 3495 est
392 3452 486 3496 causa
505 3453 600 3516 quare
619 3432 668 3495 ius
688 3431 767 3495 illud
786 3430 907 3517 tollitur
930 3429 987 3492 nisi
1011 3429 1108 3509 Deus,

91 3549 159 3611 put
182 3536 329 3617 ponitur,
360 3557 436 3621 ergo
465 3537 552 3602 solus
574 3537 660 3600 Deus
687 3550 734 3601 est
761 3557 854 3600 causa
877 3534 960 3599 iilius
983 3533 1107 3598 iniurie.

124 3639 163 3700 Et
187 3659 245 3721 per
268 3661 480 3725 consequens,
508 3662 582 3705 cum
605 3641 726 3704 iusticia
750 3641 790 3705 sit
812 3654 959 3704 constans
982 3652 1014 3704 et
1035 3658 1107 3723 per-

124 3757 222 3825 petua
238 3745 386 3808 voluntas
403 3746 519 3827 divina,
542 3746 681 3810 tribuens
704 3745 877 3829 unicuique
896 3744 983 3828 quod
1009 3762 1106 3806 suum

86 3860 180 3926 locst,
212 3862 300 3931 patet
323 3869 398 3912 cum
421 3849 502 3913 veris
529 3850 617 3935 sequi
641 3851 729 3935 quod
752 3851 838 3913 Deus
861 3865 908 3914 est
929 3847 1108 3912 contrarius

120 3952 177 4014 sibi
202 3952 274 4035 ipsi,
294 3954 369 4037 quia
392 3954 488 4017 simui
503 3956 571 4019 vult
593 3957 681 4039 quod
706 3956 823 4019 habent
845 3957 955 4019 datum
971 3954 1107 4035 bonurn,

120 4076 193 4118 cum
219 4056 259 4119 sit
284 4056 416 4139 iustum,
439 4072 469 4121 et
486 4060 553 4123 vult
575 4063 661 4143 quod
686 4080 771 4123 nunc
794 4080 861 4122 non
885 4057 1009 4142 hebeat,
1031 4078 1108 4122 cum

119 4160 230 4225 aufert.
262 4161 442 4247 loquimur
465 4163 552 4226 enim
574 4165 613 4227 de
637 4165 751 4228 habere
774 4163 926 4248 opposito
950 4161 1107 4226 abincioni

157 4383 177 4430 5.
192 4384 328 4430 milliarium
349 4383 372 4429 in
394 4385 464 4431 codd.
485 4386 584 4431 rectiuts
608 4384 781 4431 milliariorum.
870 4382 909 4430 a
928 4386 951 4430 Α
972 4383 996 4430 ia
1018 4395 1105 4442 marga

118 4453 217 4499 Contra.
241 4452 351 4500 Secunda
365 4456 480 4502 obieccio.
586 4455 619 4501 ri.
634 4456 665 4501 tt:
687 4454 731 4499 liic
748 4462 857 4512 negetur:
877 4457 900 4500 Α
914 4453 937 4499 ia
952 4465 1039 4510 maras
1060 4453 1106 4499 rte·

118 4525 226 4580 sponsio.
333 4535 368 4570 ao.
390 4525 413 4569 Λ
428 4526 453 4570 lrr
468 4537 554 4583 maren
575 4524 711 4572 Conclusio.
817 4536 852 4582 ²7·
870 4527 893 4570 Α
906 4524 930 4568 lu
944 4534 1031 4581 arara:
1052 4521 1105 4570 nti·

117 4594 221 4639 icrencie
235 4594 336 4639 iusticie.
442 4592 475 4640 ³³.
490 4598 513 4642 Α
526 4598 570 4653 Ap
584 4596 646 4641 enirn
660 4595 734 4640 deest.
