3262 5226
163 681 229 746 5⁵8
710 700 879 754 tonsurus
897 700 1044 755 wicun
1190 684 1364 776 [cat-xtu-

162 857 470 965 ”gfssfl‘gffiffqud
488 857 691 944 hocintelligi
701 872 808 942 potest
824 858 1001 947 tripliciter,
1018 861 1125 943 primo
1145 861 1365 943 participative
1377 874 1440 941 204·
1451 876 1477 929 n

163 982 181 1017 t·
196 971 363 1080 popm·
364 1046 373 1057 ⁸
382 960 608 1027 satisfaciendo
631 983 690 1047 pro
712 983 772 1027 suo
787 976 949 1040 contento,
967 964 1110 1027 secundo
1134 964 1274 1030 iuvative
1289 984 1363 1027 con·

162 1077 360 1173 '‘vtpffltrpm
382 1068 546 1131 causando
573 1080 676 1132 totam
705 1066 959 1132 satisfaccionem
988 1068 1021 1131 in
1044 1069 1178 1133 omnino
1206 1069 1306 1132 altero
1334 1082 1365 1131 ct

177 1159 372 1278 'thghdtgnpper
383 1170 482 1236 tercio
504 1191 564 1258 per
584 1193 619 1236 se
638 1173 706 1239 sine
722 1192 882 1236 concursu
905 1172 1034 1236 alterius
1057 1173 1282 1242 satisfaciendo
1305 1193 1364 1256 pro

161 1290 286 1383 ,po
312 1287 452 1382 011,ιοῐο
484 1275 607 1342 debito.
647 1278 837 1362 Exemplum
871 1277 965 1362 primi
999 1291 1047 1342 est
1078 1279 1111 1342 in
1140 1277 1388 1363 assumpciones

176 1367 182 1379 ¹
233 1389 332 1433 saurae·
382 1397 494 1445 nature
528 1381 671 1445 humane
702 1401 759 1466 per
791 1380 957 1446 Christum
991 1382 1023 1445 in
1058 1395 1183 1446 attomo
1214 1398 1246 1446 et
1279 1403 1363 1446 com·

197 1439 303 1538 3933·
334 1439 527 1568 '⁰‘ptecione
559 1486 778 1567 primiciarum
808 1486 912 1551 tocius
944 1487 1043 1552 debiti
1078 1488 1211 1552 humani
1239 1487 1363 1571 generis

380 1610 440 1673 pro
462 1605 607 1675 peccato.
630 1591 823 1675 Exemplum
840 1591 971 1655 secundi
995 1605 1041 1657 est
1060 1593 1226 1677 quomodo
1243 1593 1361 1657 nedum

381 1681 618 1759 Christus's'ed
647 1695 708 1759 alia
736 1696 879 1759 membra
908 1696 1020 1760 iuvant
1047 1697 1086 1759 ad
1116 1697 1243 1780 plenam
1272 1698 1363 1761 satis·

380 1798 557 1863 faccionem
580 1797 795 1884 confratrum;
811 1814 843 1865 et
858 1801 957 1865 tercio
979 1802 1080 1864 modo
1104 1821 1188 1865 unus
1211 1800 1364 1865 satisfacit
1378 1835 1406 1870 to

380 1923 440 1988 pro
468 1905 579 1968 debito
608 1904 793 1989 particulari
824 1905 955 1971 alterius
986 1905 1169 1990 particulari
1200 1905 1363 1969 creditori.

380 2008 414 2073 ln
429 2023 563 2094 utraque
575 2011 754 2096 primarum
764 2009 1023 2075 satisfaccionum
1039 2024 1168 2094 oportet
1184 2010 1363 2075 debitorem
1394 2022 1396 2026 ·

379 2134 579 2198 concurrere,
612 2129 649 2180 ut
679 2117 828 2201 quamvis
861 2114 1011 2180 Christus
1043 2116 1118 2180 fecit
1148 2138 1182 2180 sc
1214 2128 1362 2179 naturam

379 2218 553 2283 humanam
577 2241 642 2306 que
664 2221 775 2285 debuit
791 2222 860 2284 Deo
880 2219 1136 2284 satisfaccionem
1157 2240 1215 2305 pro
1231 2234 1362 2303 peccato

378 2324 474 2407 primi
490 2325 641 2408 hominis,
665 2340 770 2390 tamen
786 2326 838 2390 illa
855 2324 1034 2389 satisfaccio
1051 2347 1116 2389 non
1140 2324 1246 2410 potuit
1263 2342 1404 2394 mem-15

348 2427 352 2434 ’
380 2429 445 2491 bris
467 2427 633 2514 proficere,
662 2429 722 2493 nisi
747 2451 783 2494 ex
805 2429 967 2494 adiutorio
996 2431 1110 2515 capitis
1133 2451 1166 2494 sc
1189 2430 1361 2514 disponen-

380 2533 465 2597 tibus
488 2534 592 2598 active
624 2534 663 2597 ad
695 2534 936 2620 suscipiendum
960 2534 1153 2599 medicinam
1178 2534 1226 2597 sel
1249 2534 1360 2598 saltem

381 2637 420 2700 ad
445 2638 698 2703 consolvendum
715 2639 987 2703 ministrationem
1003 2639 1156 2720 debitam,
1180 2638 1212 2703 in
1236 2652 1361 2703 tantum

382 2742 470 2826 quod
505 2743 611 2808 infans
643 2744 738 2807 unius
770 2744 833 2808 diei
865 2744 1020 2808 decedens
1052 2745 1084 2808 in
1117 2743 1222 2827 gracia
1255 2742 1361 2827 primo

382 2848 565 2931 baptizatur
587 2847 727 2929 flamine,
755 2849 898 2912 secundo
925 2849 1023 2913 servit
1047 2850 1117 2912 Deo
1144 2847 1307 2912 meritorie
1330 2861 1406 2917 etna

381 2952 426 3015 sic
451 2952 549 3018 tercio
571 2953 742 3039 participat
769 2953 909 3017 fructum
933 2953 1058 3018 celestis
1081 2953 1248 3017 medicine.

182 3073 263 3119 curto
280 3075 349 3120 mace
427 3059 466 3120 Et
483 3071 572 3141 patet
587 3058 627 3119 ad
643 3058 887 3142 primumquod
904 3058 1108 3122 concedenda
1126 3072 1172 3121 est
1187 3056 1360 3136 conclusio,

157 3128 305 3172 satisfaction
326 3129 369 3172 but

155 3160 435 3277 appnphpppnp’lohpysed
460 3182 523 3225 non
540 3163 708 3226 credamus
725 3163 811 3247 quod
829 3163 977 3227 Christus
1000 3163 1153 3227 satisfecit
1168 3183 1228 3246 pro
1252 3162 1360 3225 debito

154 3266 461 3340 jotntasnwoatillius
489 3268 528 3331 ad
558 3269 694 3332 salutem
722 3268 778 3351 qui
802 3288 866 3330 non
890 3269 959 3330 vult
990 3268 1100 3330 iuvare
1125 3266 1292 3331 Christum
1321 3266 1359 3327 ad

378 3392 469 3435 suam
494 3373 760 3448 satisfaccionem,
789 3373 863 3456 quia
889 3373 1015 3435 Psalmo
1038 3372 1139 3451 LXl0,
1166 3374 1202 3434 ti
1228 3370 1403 3440 dicitur:25

381 3479 429 3539 Tu
453 3477 569 3542 reddes
594 3478 763 3561 unicuique
786 3478 878 3540 iuxta
901 3491 999 3559 opera
1022 3496 1095 3541 sua.
1120 3475 1172 3540 Sic
1194 3496 1271 3559 ergo
1295 3489 1359 3538 tam

378 3583 517 3645 militans
541 3603 638 3666 quam
663 3581 864 3664 triumphans
892 3581 1044 3644 satisfacit
1076 3600 1137 3664 pro
1166 3580 1287 3643 viatore
1311 3582 1359 3642 in·

378 3687 521 3750 debitato
537 3687 645 3770 quoad
663 3687 779 3767 Deum,
804 3686 858 3748 sed
875 3699 1001 3769 oportet
1022 3686 1127 3768 ipsum
1144 3684 1358 3750 indebitatum

378 3790 563 3853 omnimode
596 3811 629 3853 se
661 3791 769 3873 ipsum
801 3790 920 3864 iuvare,
958 3789 1033 3872 quia
1065 3789 1157 3853 aliter
1192 3789 1261 3872 ipse
1294 3810 1358 3851 non

377 3896 514 3958 solveret
537 3896 624 3978 quod
649 3895 795 3976 debebat,
828 3909 859 3957 et
887 3916 944 3977 per
968 3915 1166 3979 consequens
1198 3915 1264 3956 non
1298 3892 1403 3961 fuit30

416 4162 437 4196 a.
451 4158 574 4208 contentos
589 4152 613 4198 in
627 4151 696 4197 codd.
718 4154 753 4198 Aa
767 4155 815 4196 col·
829 4150 947 4206 (cotltatol
960 4151 990 4196 cf.
1006 4158 1096 4209 partem
1111 4158 1187 4196 cotam
1198 4162 1222 4207 p.
1237 4149 1282 4206 lap.
1296 4148 1311 4194 1.
1322 4149 1359 4205 6);

377 4219 407 4266 lla
421 4224 474 4266 tob.
551 4218 572 4266 3.
586 4221 616 4266 lla
631 4222 726 4267 totalem
741 4221 935 4267 satisfaccionem.
1014 4234 1037 4274 4.
1052 4220 1070 4264 Β
1085 4220 1206 4274 inmersa
1221 4219 1359 4265 satisfactio

378 4302 421 4347 pro
435 4292 482 4336 alio
496 4291 618 4347 tripllclter
630 4290 662 4336 ht.
769 4293 791 4337 ⁶.
806 4291 857 4335 liin
872 4302 961 4349 marga
981 4290 1090 4337 Christos
1104 4291 1232 4349 assumpslt
1251 4298 1358 4337 naturam

377 4368 482 4404 nostram
492 4362 515 4405 in
526 4362 630 4406 athomo.
710 4373 742 4406 ro.
756 4361 913 4416 confratrum
929 4360 958 4404 Ba
974 4361 1106 4405 concivium
1120 4361 1179 4416 (sich
1260 4361 1292 4406 18.
1307 4359 1358 4406 liin

378 4441 466 4485 marga
478 4432 586 4487 Apparet
599 4431 662 4489 qnod
677 4431 697 4475 sl
712 4432 790 4476 infans
799 4430 921 4475 discedens
931 4431 1019 4487 absque
1028 4431 1144 4487 baptismo
1155 4427 1257 4475 laminis
1268 4421 1359 4475 sdludl·

377 4500 468 4544 cabitur
482 4507 559 4545 eterne
574 4511 634 4557 pene
648 4508 743 4558 propter
757 4502 850 4557 culpam
867 4500 998 4554 primorum
1017 4507 1140 4557 parentum
1154 4501 1207 4556 ipso
1220 4502 1245 4546 ln
1260 4511 1359 4558 persona

378 4569 473 4625 propria
488 4581 534 4614 non
548 4572 694 4616 demerentes
714 4583 754 4626 per
768 4571 830 4616 idem
850 4577 928 4625 posset
947 4569 1029 4615 beatus
1044 4583 1088 4628 pro
1103 4579 1212 4626 peccante
1225 4569 1359 4615 satisfacere

379 4646 506 4694 peccatore,
516 4651 560 4696 pro
569 4640 698 4685 commisto
708 4642 841 4686 nullatenus
851 4638 1017 4685 satisfaciente.
1096 4640 1128 4686 ai·
1142 4640 1167 4685 lo
1175 4640 1246 4686 codd.
1257 4639 1359 4685 lxxxi.

1600 871 1613 967 l

1598 976 1610 1004 ,s

1597 1011 1607 1036 ἰ
