3262 5226
170 472 232 536 ¹8⁰
690 485 860 540 sonamus
877 482 1027 536 wicun
1200 459 1282 553 [cna.
1295 474 1356 521 vna

193 656 292 717 emen,
313 657 335 702 u
374 643 459 727 dicit,
482 665 558 708 nam
579 644 627 707 lex
651 642 857 706 consiliorum
881 653 929 704 est
953 652 1115 723 perpetua,
1146 658 1209 700 non
1239 637 1378 706 habens.
1386 654 1428 707 53⁶
1447 656 1470 708 ¹1·

157 709 577 858 iiiii‘roeantffiaiifcontrarium,
598 768 671 811 cum
694 745 787 831 pouit
801 745 966 809 hominem
993 742 1024 806 iu
1048 755 1141 826 statu,
1164 741 1257 807 statui
1281 741 1356 805 utri·

376 873 475 938 usque
496 852 677 916 innocencie
692 848 924 935 propinquiori,
954 861 1073 911 statum
1095 860 1203 910 autem
1234 846 1356 930 magni·

375 956 490 1020 tudinis
505 956 648 1021 secularis
663 969 790 1040 oportet
804 956 943 1017 deserere
956 966 1085 1036 propter
1100 952 1166 1015 eius
1181 971 1358 1035 repugnan-

374 1060 455 1126 ciam
476 1060 570 1125 statui
592 1059 804 1126 beatitudinis.
827 1058 1005 1136 Quomodo
1032 1077 1107 1141 ergo
1130 1078 1195 1121 non
1228 1070 1274 1120 est
1296 1056 1383 1125 alios

373 1179 454 1231 statu
491 1164 702 1249 inperfeccior,
726 1185 800 1229 cum
837 1161 962 1247 respicit
998 1161 1248 1246 magnitudinem
1276 1174 1356 1225 tem·

372 1268 514 1354 pomlem
536 1290 632 1355 quam
655 1282 784 1353 oportet
809 1268 961 1348 deserere,
993 1266 1073 1331 alius
1103 1280 1211 1330 autem
1234 1264 1356 1349 magni·

372 1373 513 1438 tudinem
536 1373 658 1439 virtutis
681 1393 780 1459 quam
795 1386 920 1457 oportet
941 1393 1067 1456 semper
1081 1367 1212 1435 habere?
1228 1372 1275 1434 Ex
1290 1369 1357 1436 istis

372 1478 529 1563 colligitur
557 1480 644 1564 quod
679 1476 803 1542 domini
835 1477 1026 1561 temporales
1056 1489 1186 1560 possent
1219 1476 1355 1539 maxime

155 1581 503 1691 mff‘“,‘,⁶1,{3{⁶ss,²⁰¹³¹¹d⁰
543 1605 602 1668 pro
642 1582 812 1669 privilegiis
852 1581 980 1646 ecclesie
1028 1601 1196 1644 exonerare
1236 1580 1354 1643 elerum
1368 1611 1399 1647 to

153 1657 466 1797 ‘khgffippeleusuum
495 1689 534 1752 ab
561 1687 776 1772 occupatione
808 1687 1035 1770 temporalium
1066 1708 1129 1771 que
1157 1698 1356 1768 suntpreter

372 1793 544 1857 necessaria
554 1795 593 1857 ad
606 1792 784 1857 laciendum
795 1813 878 1877 opus
894 1790 1126 1876 evangelicum,
1141 1812 1214 1853 nam
1224 1804 1355 1874 possent

371 1897 415 1961 sic
439 1897 583 1962 iaciendo
605 1899 753 1962 reducere
777 1896 940 1962 eeclesiam
968 1894 1041 1961 cleri
1070 1897 1109 1959 ad
1133 1895 1354 1980 perfecciorem

370 2015 488 2067 statum
520 2023 558 2066 ex
579 2002 681 2084 dictis,
713 2004 769 2067 sed
801 2023 874 2066 cum
897 2001 1094 2092 impossibile
1126 2000 1166 2064 sit
1188 2000 1353 2064 hominem

369 2127 463 2189 posse
487 2105 721 2172 lacerebonum
738 2108 916 2192 degenere,
939 2106 998 2169 nisi
1019 2118 1127 2189 posset
1151 2104 1251 2168 lacere
1274 2104 1394 2168 illudas

369 2212 460 2294 bene,
483 2212 624 2297 sequitur
645 2214 734 2297 quod
754 2212 875 2276 domini
892 2211 1084 2295 temporales
1099 2223 1229 2294 possent
1253 2209 1352 2273 lacere

369 2315 447 2379 illud
462 2316 551 2380 bene.
574 2317 671 2397 llbsit,
687 2317 830 2401 inquam,
853 2317 976 2379 credere
999 2316 1087 2401 quod
1111 2328 1209 2378 status
1232 2313 1263 2377 in
1286 2335 1382 2399 quoa

370 2418 465 2483 Cesar
487 2421 594 2504 posuit
616 2420 737 2485 clerum
762 2442 826 2483 non
865 2434 987 2505 posset.
1005 2419 1085 2484 solvi
1117 2418 1201 2509 licite
1223 2432 1353 2503 propter

369 2522 585 2588 habitudinem
609 2527 808 2589 sacerdotum
833 2524 949 2589 Christi
974 2525 1013 2587 ad
1036 2523 1169 2608 globum
1192 2538 1349 2606 tempora·

370 2627 458 2691 lium.
495 2630 534 2692 Et
560 2650 634 2693 cum
662 2642 762 2692 status
785 2629 817 2691 in
841 2650 909 2714 quo
933 2628 1080 2693 Christus
1103 2628 1211 2712 posuit
1233 2629 1396 2692 clerumao

369 2753 464 2796 suum
496 2733 623 2797 dissolvi
659 2749 768 2818 posset
799 2733 882 2797 licite
923 2748 1052 2818 propter
1085 2733 1351 2817 inperleccionem

367 2837 560 2901 habitudinis
590 2839 652 2902 vite
679 2860 791 2902 eorum
818 2840 856 2900 ad
886 2853 1105 2922 paupertatem
1137 2837 1350 2919 euangelicam

368 2957 399 3005 et
414 2942 473 3004 alia
490 2942 653 3007 carismata
677 2944 843 3027 inquibus
864 2943 1009 3007 Christus
1033 2942 1153 3005 dotavit
1176 2941 1349 3018 ecclesiam,

367 3066 474 3109 nonne
498 3047 577 3111 loret
593 3063 776 3131 suspectum
793 3050 934 3127 verbum,
958 3068 1109 3109 accusans
1126 3045 1379 3129 proprietariosb

367 3152 406 3213 de
421 3149 441 3194 *
457 3151 622 3216 alleccione
643 3154 819 3216 inordinata
841 3153 1078 3235 temporalibus,
1102 3151 1236 3214 dicendo
1261 3151 1348 3233 quod
1364 3158 1423 3215 153¹

367 3257 414 3318 lex
431 3257 487 3319 Dei
508 3272 538 3319 et
554 3258 619 3320 eius
635 3259 805 3321 consilium
821 3273 895 3321 sunt
910 3257 1096 3341 temporalia
1111 3256 1170 3319 sub
1186 3255 1347 3338 dispensa·

367 3360 457 3424 cione
491 3361 647 3441 cadencia,
686 3363 739 3423 sed
779 3384 843 3425 non
881 3361 1043 3425 ordinacio
1080 3360 1202 3424 Cesaris
1241 3360 1376 3444 quoado

366 3466 577 3530 donacionem
606 3461 851 3550 temporalium?
885 3466 1051 3550 Numquid
1081 3467 1238 3528 credimus
1261 3465 1347 3549 quod

366 3571 653 3634 excommunicatio
664 3571 712 3632 vel
724 3568 1182 3652 malediccionisinterpretacio
1193 3571 1264 3652 plus
1274 3569 1348 3652 ligat

366 3674 586 3738 dissolventem
609 3675 845 3739 ordinacionem
880 3674 1088 3737 dominorum
1110 3675 1346 3756 temporalium,
1357 3689 1391 3740 30

365 3801 461 3864 quam
485 3780 775 3844 excommunicacio
791 3780 918 3859 Christi,
933 3779 1086 3841 Jnhannis
1108 3791 1139 3840 et
1160 3777 1249 3839 Pauli
1272 3778 1347 3860 ligat

365 3884 587 3948 dissolventem
613 3885 729 3949 Christi
761 3878 949 3947 consilium?
982 3885 1098 3946 Nonne
1130 3882 1205 3944 dicit
1231 3881 1348 3944 Paulus

366 3988 466 4053 Galat.
491 3990 530 4067 1⁰,
546 4005 580 4070 9:
605 3990 725 4073 Siquis
740 3989 834 4053 aliud
849 3989 1122 4073 evangelizaverit
1130 3999 1245 4070 preter
1267 3984 1350 4050 illud

365 4094 450 4175 quod
482 4095 736 4180 evangelizatum
768 4105 827 4175 est,
860 4095 1107 4171 artathemasit,
1130 4107 1257 4154 etcum
1281 4089 1348 4173 ipse

403 4379 437 4420 ¹⁴·
457 4366 509 4411 uuo
523 4367 604 4412 verba:
626 4368 685 4411 sicut
707 4374 770 4423 patet
785 4366 855 4415 (sicut
879 4374 940 4422 patet
967 4380 996 4411 ex
1019 4367 1096 4422 dictis)
1119 4365 1173 4410 haic
1194 4368 1247 4410 loco
1264 4365 1348 4408 deesse

364 4438 477 4483 videatur.
576 4437 702 4492 16.ΑΑ,ε
717 4444 817 4492 possunt
835 4436 919 4481 lacere.
1019 4437 1054 4484 ³2.
1069 4435 1098 4480 llr
1112 4434 1236 4479 consilium
1251 4432 1346 4480 Christi.
