3262 5226
112 418 115 422 »
163 339 231 435 ³7⁶
694 356 867 413 romum
882 354 1035 411 vetetur.
1214 334 1297 429 [ene.
1310 348 1374 399 xvc

176 530 376 637 naengum
427 516 527 583 Debet
547 536 626 603 erpo
648 514 740 579 miles
761 512 807 579 ire
827 513 870 580 ad
891 494 1066 579 domiuum
1088 504 1170 578 terre
1195 525 1228 577 et
1250 534 1377 578 narrare
1388 527 1449 584 181⁸
1463 530 1491 586 0

163 580 374 735 graffium
382 621 442 687 eibi
450 619 658 688 condiciones
668 616 888 705 mliacollegii,
902 630 935 684 et
948 630 1060 683 totum
1074 638 1210 703 reguum
1219 631 1379 683 teneretur

283 718 290 730 '
383 712 556 811 collegium
588 714 653 789 tale
682 743 886 789 venenosum
915 722 1072 809 expellere
1103 737 1136 788 et
1167 743 1247 789 cum
1282 722 1378 787 bonis

383 850 447 917 que
466 827 538 893 talis
559 826 646 913 legio
668 840 852 913 occuparet,
871 826 1010 893 siluerit
1031 827 1221 910 elemosina,
1243 827 1377 892 militem

383 932 531 999 relevere.
554 932 596 999 Et
616 943 704 1017 patet
726 932 817 1019 quod
839 931 904 997 hoe
927 930 995 997 fieri
1027 946 1138 1017 posset
1172 931 1313 1017 legaliter
1340 950 1401 1003 ers

382 1036 470 1103 dieto
490 1036 575 1103 beati
596 1033 761 1101 Ambrosii
791 1034 904 1121 posito
940 1034 974 1099 iu
996 1036 1131 1102 decretis
1162 1035 1245 1118 xm,
1268 1056 1300 1121 q.
1324 1036 1377 1118 ll·,

182 1152 353 1255 ''mmm“
382 1142 521 1207 Aurum.
543 1142 682 1217 Aurum,
708 1138 825 1226 iuquit,
850 1138 947 1205 nanu
972 1140 1112 1209 ecclesia
1128 1160 1194 1205 mm
1210 1151 1247 1205 ut
1270 1151 1380 1206 seruet

326 1234 335 1251 ‘
381 1242 441 1309 sed
459 1252 494 1309 m
515 1254 632 1331 eroget
650 1252 684 1309 et
702 1242 875 1309 subveniat
897 1243 930 1309 in
946 1244 1202 1310 necessitalibus.
1228 1245 1318 1321 Quid
1332 1254 1379 1309 est

381 1368 463 1434 opus
484 1347 648 1415 custodire
667 1346 756 1433 quod
781 1348 865 1413 nileil
888 1348 1054 1415 adiuuat?
1096 1347 1149 1412 An
1182 1350 1378 1435 ignoramus

383 1464 539 1541 quantum
562 1454 641 1519 euri
660 1463 758 1539 atque
778 1454 913 1540 urgenti
927 1453 968 1517 de
981 1447 1103 1539 templo
1122 1454 1247 1519 domini
1262 1455 1379 1519 Assirii
1390 1438 1422 1523 ro

383 1556 618 1625 sustulerunt?
637 1558 756 1625 Nonne
776 1558 894 1623 melius
915 1546 1038 1643 constet
1062 1558 1219 1623 sacerdos
1239 1568 1378 1645 propter

383 1663 573 1729 alimoniam
583 1682 784 1749 pauperum,
798 1663 831 1729 si
844 1663 957 1749 ulique
971 1660 1119 1728 subsidia
1134 1663 1262 1749 desunt,
1278 1683 1377 1748 quam

384 1768 620 1855 sirucrilegus
640 1768 843 1833 contaminat
864 1778 897 1835 et
918 1777 1067 1853 asportet
1094 1768 1219 1833 hostis?
1262 1769 1378 1832 Nonne
1482 1779 1487 1787 ·

384 1873 532 1939 dicturus
553 1882 603 1940 est
618 1868 791 1939 dominus:
815 1870 884 1937 Cur
898 1891 1074 1959 passeres
1095 1882 1141 1936 lot
1154 1872 1268 1957 inopes
1279 1872 1378 1960 saure

385 1976 494 2042 mori?
528 1976 573 2043 Et
597 1986 686 2043 certe
707 1976 851 2043 lebedos
876 1996 1011 2060 eurum,
1044 1976 1130 2042 unde
1161 1978 1421 2045 ministrassesrs

383 2082 583 2148 alimoniam.
608 2082 680 2148 Cur
702 2091 748 2145 tot
769 2080 890 2167 captiui
909 2082 944 2147 in
959 2082 1190 2148 commercium
1211 2080 1301 2147 ducti
1322 2102 1417 2161 nec„

384 2185 541 2272 redempti
560 2186 602 2252 ab
617 2187 707 2253 nosce
720 2187 821 2253 occisi
833 2186 938 2252 sunt?
958 2186 1082 2252 Melius
1093 2186 1219 2273 suerat
1242 2198 1278 2253 ut
1299 2207 1381 2252 nasa

384 2291 563 2357 vivencium
577 2311 732 2358 servares
745 2310 845 2377 quem
862 2290 1091 2371 metallorum·
1110 2291 1174 2355 hiis
1193 2312 1257 2356 non
1267 2303 1381 2376 posset

384 2416 575 2481 responsum
603 2395 740 2483 deferri.
788 2395 878 2475 Quid
907 2396 993 2460 euim
1020 2396 1166 2460 diceres.-
1203 2397 1310 2461 Timui
1340 2417 1380 2461 ne

384 2501 500 2585 templo
521 2501 587 2567 Dei
614 2510 750 2566 ornetur
776 2500 927 2567 deesset?
961 2501 1103 2580 Aurum,
1124 2498 1242 2587 inquit,
1263 2521 1377 2565 sucru-
1390 2527 1423 2564 ao

386 2595 493 2671 mente
515 2625 580 2670 non
609 2614 761 2692 querum,
797 2624 902 2691 neque
930 2624 1016 2669 auro
1045 2606 1268 2691 placentque
1295 2625 1379 2671 auro

386 2730 450 2775 non
472 2720 635 2775 emuntur.
663 2708 810 2776 Ornatus
825 2729 999 2775 sacrorum
1015 2719 1065 2774 est
1078 2708 1264 2795 redempcio
1278 2713 1379 2795 capti·

387 2834 512 2896 uorum,
534 2826 566 2881 er
586 2833 663 2879 uere
685 2824 765 2879 sunt
780 2815 840 2879 illo
858 2833 939 2879 meso
955 2815 1111 2900 preciose
1133 2834 1196 2899 que
1217 2814 1381 2879 redimunt

385 2919 513 2983 unimus
541 2938 562 2981 a
590 2929 702 2984 morte.
748 2918 811 2984 Ille
836 2938 936 2983 uerus
967 2928 1015 2983 est
1051 2919 1230 2983 thesaurus
1260 2919 1381 2983 domini

387 3025 444 3108 qui
464 3034 623 3108 operatur
645 3023 734 3109 quod
755 3024 895 3109 sanguis
916 3024 986 3088 eius
1008 3033 1167 3108 operatur
1188 3033 1246 3088 erl.
1391 3033 1423 3084 25

189 3147 268 3193 Tnese
282 3147 361 3192 wore·
432 3130 478 3191 Ex
500 3127 567 3191 istis
589 3127 691 3192 verbis
713 3127 809 3192 huius
831 3128 974 3193 doctoris
996 3127 1187 3194 sanctissimi
1210 3143 1241 3192 et
1261 3129 1376 3193 decreti
1421 3134 1448 3188 Ρ

184 3199 366 3309 illlll'lllii
387 3232 520 3313 uidetur,
542 3232 648 3317 primo
672 3233 759 3317 quod
783 3233 846 3317 regi
870 3233 943 3296 licet
965 3233 1166 3317 intempore
1189 3232 1402 3298 necessitatist

173 3303 380 3400 ‘hiidr'e'c‘a‘e'dr'r‘
390 3336 573 3421 multiplicis
594 3337 714 3401 auferre
737 3338 859 3400 nedum
890 3336 1004 3402 iocalia
1035 3337 1112 3427 cleri.
1140 3338 1189 3401 sui
1221 3329 1380 3422 superflua

219 3406 332 3464 “mm''
389 3442 444 3504 sed
466 3454 497 3505 et
519 3441 630 3506 culices
654 3456 685 3505 et
707 3440 851 3526 preciosa
868 3442 1054 3506 tumbarum
1078 3457 1110 3506 et
1132 3443 1262 3508 ecclesie
1285 3464 1379 3507 orna·

390 3559 506 3627 niente,
528 3559 565 3610 ut
587 3559 675 3630 putu,
698 3544 723 3609 si
740 3545 869 3609 aliunde
884 3547 934 3608 vel
950 3547 1145 3631 oportunius
1161 3569 1296 3631 regnum
1313 3569 1380 3612 non
1392 3553 1425 3606 30

390 3647 506 3713 suflicit
541 3648 696 3713 redimere
734 3649 878 3734 captivos
915 3650 970 3734 qui
1008 3651 1040 3713 in
1072 3649 1257 3717 defensione
1293 3653 1380 3738 regni

428 3868 448 3916 ⁵.
463 3870 484 3913 Α
498 3867 521 3914 iu
536 3880 623 3927 naret
637 3868 790 3915 Ambrosius.
872 3882 894 3927 7.
909 3870 932 3915 Λ
945 3868 969 3916 la
984 3882 1072 3928 marpe
1088 3872 1262 3920 Aurumlnbet
1271 3876 1380 3921 eeclesia

390 3937 419 3984 ri.
433 3937 464 3983 Ba
477 3949 561 3984 curura
575 3949 668 3987 eumn.
776 3940 809 3986 16.
824 3938 842 3984 u
856 3939 880 3985 ln
895 3951 983 3996 maren
998 3939 1044 3984 Pro
1053 3939 1223 3998 redempcione
1232 3942 1381 3999 ceptlrornnr

390 4007 530 4065 exponenda
544 4014 601 4053 suat
613 4018 671 4053 rasa
685 4006 793 4054 ecclesie.
900 4018 932 4063 ιγ.
945 4010 980 4054 Ar
995 4007 1080 4054 llelius
1095 4007 1196 4056 rueme

434 4181 460 4237 ό.
477 4183 638 4237 Ambrosius
654 4184 699 4238 lib.
723 4184 753 4251 ΙΙ,
772 4185 811 4238 De
829 4183 942 4252 Officiis,
960 4200 983 4238 c.
999 4187 1107 4239 xxviii
1131 4187 1183 4239 aad
1203 4188 1307 4267 Deereti
1326 4204 1381 4242 aee.
1499 4217 1507 4227 -

391 4286 460 4340 perr,
475 4286 556 4358 causa
573 4270 631 4338 xil,
647 4285 675 4341 q.
693 4270 724 4337 11,
742 4286 800 4340 rep.
819 4271 904 4326 Lxx.
1303 4289 1307 4296 ·
