3262 5226
702 456 872 514 pompm
888 456 1035 513 ww,
1195 430 1279 526 [cde.
1295 445 1360 495 xvi.
1439 478 1444 485 -

381 614 523 703 possibili
548 614 639 703 quod
659 614 777 681 aecus
800 612 842 679 ed
865 612 946 679 illud
966 610 1111 691 officium
1131 622 1252 696 peccet,
1274 608 1360 674 inor·
1375 624 1478 680 M

188 766 193 773 -
381 711 1365 805 unnenpnmdonsuonoremesealramsecuuet

315 806 322 817 ⁰
381 822 598 911 imprudenter
625 820 839 909 dispensando
873 821 959 887 bona
979 808 1189 907 'pauperum
1216 832 1248 884 et
1277 831 1366 903 petet

383 924 664 993 mumdictorium
684 924 813 993 maioris
831 924 1005 1013 assumpte.
1108 928 1112 935 '
1198 926 1201 931 ’

425 1030 520 1097 Porro
559 1028 695 1097 lucium
733 1026 915 1115 exemplum
957 1027 989 1094 in
1026 1047 1095 1114 quo
1130 1026 1205 1114 quis
1240 1027 1396 1099 tenerura

382 1134 523 1221 accipere
544 1132 744 1201 eukaristiam
765 1148 799 1200 et
819 1154 889 1200 eam
910 1132 1039 1219 indigne
1057 1132 1202 1219 accipiat,
1225 1146 1257 1198 et
1277 1147 1365 1218 potet

383 1239 475 1325 quod
509 1237 543 1303 io
580 1237 725 1305 iaciendo
755 1236 835 1304 illud
865 1237 955 1324 quod
985 1236 1079 1301 debet
1115 1234 1218 1302 iacere
1255 1252 1365 1322 peccat

384 1342 560 1409 mortaliter
589 1356 719 1429 propter
747 1340 906 1407 delectum
933 1339 1022 1406 modi
1049 1338 1196 1423 faciendi,
1223 1340 1307 1407 sicut
1331 1340 1365 1405 in

385 1444 495 1513 maiori
530 1460 621 1533 perte
655 1446 769 1514 accidit
810 1446 845 1511 in
886 1443 1074 1532 accipiendo
1117 1445 1366 1512 ecclesiirticum

383 1550 586 1618 beneficium.
606 1552 669 1617 Sed
683 1552 779 1639 longe
793 1550 877 1616 eliud
891 1565 940 1635 est
952 1550 1065 1633 dicere,
1080 1551 1193 1616 Petrus
1207 1549 1366 1637 obligetur
1379 1581 1411 1620 ιο

244 1698 249 1705 -
384 1656 446 1721 sub
466 1676 548 1742 pena
570 1654 712 1723 mortalis
732 1655 869 1741 recipere
882 1656 1096 1721 detum'onur
1115 1655 1149 1719 in
1168 1654 1232 1720 hoc
1246 1669 1367 1740 peccat,

386 1758 479 1825 et'io
510 1773 669 1847 quentum
689 1758 799 1846 recipit
819 1758 897 1825 illud
918 1778 1001 1825 onus
1027 1757 1062 1824 io
1087 1772 1215 1824 uotum
1243 1773 1367 1844 peccat;

386 1882 462 1929 nam
487 1863 576 1950 prior
601 1863 784 1951 propositio
810 1863 886 1930 dicit
911 1863 946 1929 io
971 1863 1264 1950 reduplicationem
1290 1883 1366 1928 con·

387 1965 609 2033 comitaociam
641 1982 673 2034 et
704 1969 841 2033 secunde
870 1967 947 2033 dicit
976 1968 1265 2054 reduplicationem
1293 1988 1368 2033 cau·

191 2088 353 2137 muas
389 2072 497 2137 salem.
529 2072 637 2138 Minor
666 2071 766 2137 eciem
795 2070 974 2157 argumenti
1004 2085 1052 2138 est
1084 2071 1172 2155 salsa,
1204 2071 1281 2157 quia
1303 2093 1369 2137 uon
1382 2088 1411 2142 ιε

186 2140 379 2238 mai-ir
389 2190 438 2241 eat
451 2175 629 2242 deducibile
642 2177 731 2264 quod
746 2178 832 2242 Deus
846 2174 930 2240 *vel
944 2176 1200 2263 scripturaram
1218 2176 1371 2263 obligavit
1384 2182 1444 2245 180⁸

180 2242 337 2354 unffi
348 2242 374 2290 ι’
391 2279 520 2345 beatum
541 2280 725 2346 silvestrum
747 2280 808 2345 sub
828 2300 911 2366 pena
932 2280 1073 2347 mortalis
1096 2279 1233 2366 recipere
1249 2281 1369 2346 elemo-

388 2382 474 2448 sinas
494 2385 672 2449 secundum
693 2384 781 2450 illam
802 2383 938 2450 formam
953 2404 1091 2451 ocesare
1112 2386 1170 2450 red
1189 2384 1369 2470 religiosius

390 2486 522 2570 iecisset,
562 2486 765 2554 informando
807 2509 945 2555 cesarem
979 2491 1069 2576 quod
1105 2502 1203 2575 caput
1240 2490 1370 2555 ecclesie

389 2590 536 2658 Christus
557 2592 591 2657 in
612 2592 702 2658 cuius
724 2593 839 2659 virtute
859 2607 986 2660 sanetus
1007 2608 1056 2660 est
1080 2594 1205 2680 aufugit
1230 2595 1414 2661 houoresao

390 2697 573 2762 mundanos
594 2712 626 2761 et
647 2697 871 2784 proprietrtem
891 2697 1025 2764 civilem.
1049 2699 1125 2765 ideo
1152 2699 1371 2786 superioribus

391 2800 605 2867 sacmdotibus
634 2800 700 2868 suia
727 2822 794 2868 non
824 2800 978 2868 incumbit
1007 2817 1075 2870 tam
1100 2825 1196 2891 grave
1226 2803 1372 2870 officium

391 2904 589 2970 ministrandi
622 2907 824 2992 pauperibus,
855 2908 911 2971 aed
941 2906 1141 2974 inferioribus
1164 2909 1319 2997 dyacoois
1341 2924 1373 2976 et

391 3009 488 3096 laycis
519 3008 635 3094 quibus
666 3010 821 3076 incumbit
851 3010 1009 3077 abiectum
1039 3013 1096 3077 sed
1122 3013 1156 3076 in
1182 3015 1284 3099 gradu
1311 3036 1372 3079 suo

393 3111 590 3178 meritorium
613 3114 831 3196 ministerium,
854 3136 911 3181 nec
937 3116 1035 3180 alium
1062 3117 1237 3201 primatum
1264 3120 1374 3184 docuit
1384 3133 1415 3186 25

394 3216 537 3282 Christus
552 3219 713 3302 apostolos
734 3240 810 3284 suos
831 3234 977 3305 appetere
992 3219 1052 3283 nisi
1068 3240 1105 3283 ex
1121 3220 1251 3285 veritate
1271 3223 1374 3307 prima

395 3337 580 3407 sequentem
608 3322 818 3387 maioritatem
849 3326 954 3409 quoad
986 3324 1091 3388 Deum
1113 3324 1241 3388 racione
1268 3326 1375 3391 humi·

393 3425 481 3491 lioris
503 3426 666 3491 ministerii
690 3426 742 3513 (ut
764 3431 894 3493 docetur
917 3430 1002 3493 Luce
1024 3428 1152 3514 xxlu).

438 3531 482 3612 Si,
497 3530 639 3616 inquam,
661 3552 734 3596 curu
756 3531 870 3598 talibus
891 3533 1166 3598 exhortacionibus
1188 3535 1378 3620 evangelicis

396 3634 535 3699 securius
556 3650 753 3719 procurasset
774 3636 920 3701 silvester
935 3659 992 3721 pro
1013 3637 1120 3702 lutura
1142 3639 1283 3720 ecclesia,
1299 3652 1421 3708 tuncso

397 3737 596 3802 verisimilius
618 3739 689 3823 plus
716 3739 884 3825 profuisset
905 3742 1031 3828 utrique
1051 3743 1143 3828 parti,
1165 3743 1247 3809 sicut
1266 3744 1379 3809 beatus

398 3843 581 3906 Leonardus
603 3844 680 3928 plus⁴
698 3843 818 3929 profuit
832 3846 896 3929 regi
912 3845 1040 3910 Francis
1059 3847 1248 3912 retrahendo
1272 3847 1380 3933 ipsum

398 3945 437 4010 ab
459 3945 631 4029 affectione
650 3950 812 4013 mundana
834 3970 890 4034 per
910 3949 973 4015 hoc
995 3951 1083 4035 quod
1106 3951 1210 4016 renuit
1237 3950 1381 4016 officium

439 4234 469 4285 n.
492 4238 527 4283 Aa
547 4237 737 4298 reduplleeciooe
756 4224 809 4286 slve'
827 4238 1002 4299 reduplicarlre.
1106 4253 1137 4286 ar.
1153 4240 1184 4287 Ba
1206 4241 1342 4288 mundanos
1356 4241 1380 4288 le

401 4306 575 4365 proprietatem.
687 4319 724 4364 ro.
737 4310 759 4355 Α
774 4309 799 4356 lo
809 4321 895 4367 mrrpr
909 4307 971 4356 Note
981 4309 1086 4356 delectus
1096 4310 1160 4357 berti
1168 4309 1275 4358 silvestri
1288 4309 1382 4366 (Abora

401 4374 455 4422 rio·
466 4374 564 4424 without
577 4377 644 4424 merl
656 4376 684 4425 ol
694 4379 829 4437 reference).
