3262 5226
195 200 257 264 188
715 212 1047 267 sonanmswvcur.
1245 188 1388 282 [canis.

224 385 272 431 na
286 384 371 482 epm
408 372 544 455 plscioni
575 387 607 436 et
637 370 857 457 predicationi,
888 372 975 456 quod
1003 368 1111 432 fideles
1134 368 1212 453 layci
1234 368 1387 452 accipiant
1402 382 1461 450 ¹⁵4¹
1476 382 1503 437 B

206 438 387 548 mssffl'i‘nw
407 476 485 540 illud
519 498 603 541 onus
636 474 686 561 (ut
716 474 793 540 alias
822 474 1048 560 exemplificavi
1080 475 1120 537 de
1144 473 1324 557 Augustino
1357 487 1388 538 et

406 581 474 644 aliis
496 578 635 663 sanctis).
674 581 765 645 Unde
786 579 861 666 quia
884 580 1032 665 fragilitas
1055 580 1196 643 humana
1216 598 1319 663 prona
1342 592 1388 643 cst

407 686 445 747 ed
482 685 725 770 relinquendum
762 684 898 768 primam
930 685 1092 748 caritatem
1124 685 1163 747 de
1195 683 1387 767 elemosinis,

407 789 628 872 superbiendo,
659 809 692 852 se
723 788 825 872 ipsam
858 788 952 853 nirnis
983 789 1067 852 laute
1091 790 1249 872 pascendo
1273 801 1304 851 et
1331 800 1413 871 psi-5

406 893 496 957 storis
518 892 662 958 officium
684 892 902 978 relinquendo,
918 894 989 958 ideo
1011 893 1152 978 apostoli
1167 907 1197 957 et
1211 891 1387 956 sanceiores

406 998 533 1063 ecclesie
555 998 630 1061 talia
651 997 851 1079 reliquerunt.
880 999 971 1064 Unde
994 997 1113 1061 mirum
1135 1013 1182 1061 est
1206 996 1231 1061 si
1255 996 1387 1060 collacio

406 1103 448 1167 rei
471 1101 653 1188 temporalis
679 1101 719 1166 sit
742 1102 823 1166 clero
849 1103 1064 1187 privilegium3
1094 1124 1206 1188 ymmo
1236 1102 1388 1186 apostolis

406 1207 586 1292 petentibus
609 1206 694 1270 iilam
717 1228 736 1270 a
762 1207 888 1272 Christo
904 1207 1074 1271 audivisset
1090 1228 1278 1291 responsum
1294 1226 1385 1290 supe·

405 1312 482 1376 rius:
518 1312 655 1376 Nescitis
676 1313 763 1397 quod
785 1314 915 1396 petatis.
939 1314 1055 1375 Nonne
1078 1313 1171 1377 docet
1193 1310 1385 1396 experientia
1399 1339 1429 1374 ιο

405 1417 492 1501 quod
514 1416 641 1481 dotacio
663 1417 734 1481 talis
762 1417 874 1482 subicit
897 1419 1021 1481 dotatus
1044 1418 1383 1484 mundanesoilicitu·

404 1521 480 1603 dini,
511 1520 642 1584 servicio
665 1534 697 1584 et
718 1522 885 1605 exactioni,
908 1536 939 1587 et
960 1543 1017 1607 per
1047 1542 1244 1605 consequens
1272 1521 1384 1586 distra-

404 1625 450 1690 hit
472 1626 512 1688 ab
534 1646 641 1690 amore
664 1626 780 1691 Christi
802 1642 833 1692 et
855 1627 1029 1691 ministerio
1052 1623 1253 1690 sacerdotali?

447 1731 623 1807 Quomodo
654 1751 729 1815 ergo
761 1752 824 1794 non
858 1732 937 1796 foret
973 1731 1176 1816 priviiegium
1205 1732 1243 1794 ab
1275 1732 1418 1796 incita-F

406 1850 514 1898 mento
536 1835 719 1898 huiusmodi
742 1836 873 1918 liberari,
897 1837 979 1899 unde
1001 1837 1165 1898 decretum
1188 1836 1293 1900 recitat
1315 1837 1425 1918 X1⁸,15

404 1960 436 2024 q.
459 1941 497 2020 1²,
519 1961 556 2003 ex
580 1939 711 2023 epistola
734 1941 813 2005 beati
837 1941 917 2006 Petri
941 1942 979 2004 ad
1003 1941 1203 2004 Clementem
1231 1940 1384 2024 seriptum

405 2045 537 2108 subhac
554 2043 670 2108 iorrna:
690 2046 734 2107 Te
755 2045 881 2129 quidem
905 2055 1030 2128 oportet
1057 2045 1385 2127 irreprehensibiliter

405 2150 511 2212 rivere
540 2160 572 2213 et
602 2168 728 2212 suntme
756 2150 862 2213 studio
895 2151 963 2232 niti,
992 2160 1026 2215 ut
1058 2170 1171 2213 onmes
1200 2150 1261 2214 vite
1288 2151 1384 2213 itatius

404 2256 633 2337 occupaciones
648 2254 780 2330 abicias,
804 2274 844 2317 ne
855 2253 1037 2338 fideiussor
1059 2256 1183 2318 existas
1205 2274 1263 2318 nec
1285 2254 1383 2317 advo·

403 2368 495 2421 catus
522 2359 630 2422 dicium
656 2358 738 2443 fias,
774 2380 852 2423 neue
887 2362 920 2423 in
958 2360 1026 2423 ulla
1065 2359 1133 2422 aiia
1171 2360 1427 2442 occupationem

400 2483 542 2547 prorsus
573 2465 752 2529 inveniaris
783 2464 940 2529 numdani
961 2467 1089 2550 negocii
1109 2466 1276 2529 occasione
1303 2483 1382 2545 per·

397 2569 528 2651 plexus.
563 2567 679 2652 Neque
712 2571 795 2635 enirn
826 2569 962 2634 indicem
986 2589 1089 2653 neque
1112 2571 1308 2655 cognitorem
1332 2591 1383 2636 se·

402 2674 563 2738 miccium
588 2675 797 2760 negociorum
818 2675 912 2739 bodie
925 2685 956 2738 te
970 2676 1037 2737 uult
1052 2675 1212 2739 ordinare
1226 2677 1382 2755 Christus,

402 2799 442 2842 ne
461 2780 653 2865 prosecutus
669 2780 877 2863 presentibus
891 2781 1055 2843 bantinum
1079 2781 1171 2844 curis
1193 2800 1254 2843 non
1272 2781 1383 2862 possis

404 2884 500 2947 verbo
523 2885 587 2948 Dei
607 2904 736 2950 vacare.
760 2883 927 2949 Haerere
950 2905 1049 2968 opera
1072 2905 1134 2967 qne
1164 2885 1221 2948 tibi
1250 2884 1382 2946 minime
1392 2895 1424 2946 25

402 3008 584 3072 congruere
615 2990 752 3054 dicimus
782 2991 933 3054 exibeant
964 2991 1026 3054 sibi
1057 2990 1194 3054 invicem
1229 2998 1383 3052 vacantes

403 3093 488 3169 iaici,
525 3104 555 3158 et
585 3104 616 3157 te
651 3114 743 3157 nemo
776 3105 908 3177 occupet
942 3095 982 3156 ab
1016 3094 1077 3157 ntis
1099 3093 1215 3157 studiis
1231 3114 1295 3176 per
1322 3113 1383 3175 que

401 3200 493 3262 satius
525 3200 703 3264 donantibus
736 3200 843 3264 datur.
876 3199 1051 3276 Quomodo
1084 3219 1159 3282 ergo
1191 3199 1260 3260 iicet
1289 3197 1382 3259 nobis

402 3305 440 3366 ab
472 3304 530 3367 ista
568 3304 673 3387 regula
705 3305 876 3389 apostolica
907 3304 1048 3367 recedere
1084 3303 1201 3388 quibus
1235 3302 1398 3365 relictum

438 3508 461 3548 n.
475 3493 497 3537 A
512 3494 555 3547 An
570 3489 720 3535 audivissent.
824 3488 857 3533 1⁶.
877 3489 980 3546 Epistola
994 3488 1062 3534 Petri.
1085 3488 1141 3534 Non
1156 3496 1191 3533 est
1206 3488 1305 3546 epistola
1319 3488 1379 3532 beati

401 3562 469 3618 Petri,
483 3562 525 3606 sed
539 3560 667 3605 Clementis
681 3561 710 3604 ad
723 3559 844 3604 iacobum.
871 3561 892 3604 A
908 3559 931 3603 in
947 3571 1034 3615 merge
1049 3559 1110 3604 Nota
1120 3558 1237 3603 decretum
1251 3569 1323 3613 super
1336 3556 1380 3601 hoc

400 3632 463 3689 quoa
477 3632 553 3675 ctcrus
573 3642 620 3674 non
635 3629 704 3673 debet
718 3642 743 3673 se
758 3628 877 3685 implicare
892 3626 987 3672 mundo.
1093 3640 1130 3672 ro.
1147 3626 1174 3672 lu
1188 3627 1269 3671 cedde
1287 3639 1315 3671 ne
1331 3627 1379 3680 ret;

401 3700 490 3745 correxi
504 3712 517 3744 e
531 3700 617 3744 decret.
632 3698 647 3743 Ι.
661 3709 681 3744 c.
696 3702 716 3744 A
732 3698 755 3743 in
770 3710 842 3753 marg.
858 3699 941 3750 (above
956 3696 1003 3751 154⁴
1010 3696 1108 3742 without
1122 3698 1188 3741 mark
1202 3696 1229 3741 ot
1239 3695 1379 3751 referemus

400 3769 448 3814 Nec
462 3769 541 3814 ornnia
552 3768 611 3813 inira
626 3768 702 3824 posin
717 3775 769 3813 sunt
783 3781 827 3825 pro
837 3772 972 3824 paupertate
985 3778 1030 3823 que
1044 3772 1079 3810 est
1093 3765 1211 3822 optimum
1224 3765 1378 3823 privilegium.

401 3836 434 3896 ai.
448 3840 469 3883 A
484 3839 507 3883 in
522 3851 609 3895 marga
623 3837 720 3896 mee,
734 3836 757 3883 id
771 3845 814 3895 est,
828 3836 956 3881 noscimus.
1039 3836 1074 3881 28.
1089 3834 1111 3879 A
1126 3834 1149 3879 in
1165 3847 1249 3891 marg:
1264 3834 1299 3878 Dc
1314 3835 1378 3879 ablr-

401 3907 469 3952 tione
483 3908 646 3964 temporeliurn
661 3915 682 3952 ct
698 3906 756 3953 cieri
770 3912 914 3966 propensu.

447 4048 485 4101 nt.
503 4050 566 4118 Cep.
584 4051 672 4102 ΧΧΙΧ.
691 4050 730 4101 De
747 4049 908 4102 secularibus
925 4047 1041 4116 negociis
1059 4044 1200 4117 episcopus
1217 4063 1378 4115 cognoscere

401 4151 453 4187 non
471 4135 559 4188 debet.
