3262 5226
315 344 441 438 esaal’
696 367 743 422 na
760 368 941 423 minue.
984 365 990 375 ·

210 543 317 611 1²¹4?
369 524 462 590 Unde
484 525 694 606 Bernhardus,
721 525 769 590 De
791 523 1170 607 Considemcione‚.Iibro
1192 526 1249 607 Ψ,
1271 526 1312 590 ed

325 628 507 714 Eugenium
530 651 659 715 papam,
685 630 777 715 ponit
799 644 875 696 octo
898 630 1014 695 modos
1036 628 1204 694 unitatum.
1240 628 1311 708 Est,

301 732 439 819 linquit,
471 735 581 799 unitas
611 754 674 820 que
703 736 872 801 collectiva
902 744 1013 819 potest
1042 733 1119 817 diei,
1151 745 1187 799 ut
1217 735 1313 800 motu

296 837 453 921 alapides
464 839 601 925 sariunt
622 838 776 904 acervam
800 859 912 905 anum.
936 837 997 903 Est
1023 837 1134 904 unitas
1155 839 1311 904 constitu·

301 946 402 1023 stiva,
431 963 504 1009 cum
540 939 658 1008 malta'
676 945 820 1010 membra
850 964 950 1008 unam
985 962 1104 1027 corpus
1132 944 1184 1009 vel
1213 944 1312 1010 multe

296 1059 436 1133 spartes
473 1069 574 1114 unam
610 1049 760 1136 quodque
795 1059 896 1114 totum
933 1051 1141 1114 constituant.
1183 1048 1244 1113 Est
1281 1057 1313 1113 ct
1347 1033 1351 1039 ⁶

324 1155 533 1240 coniugativa
567 1175 631 1240 qua
647 1154 704 1240 fit,
735 1166 770 1219 ut
791 1154 856 1219 duo
880 1154 944 1219 iam
977 1173 1041 1219 non
1071 1153 1137 1218 duo
1161 1155 1228 1219 sint
1252 1153 1313 1220 sed

293 1272 392 1324 tuna
413 1279 503 1324 caro.
526 1259 587 1324 Est
607 1271 639 1326 et
667 1262 777 1325 nativa
804 1280 870 1346 qua
903 1261 1017 1324 anima
1049 1269 1078 1323 et
1112 1277 1192 1323 caro
1226 1276 1312 1324 anus

294 1365 473 1430 enascitur
495 1364 600 1429 bomo.
623 1363 684 1428 Est
706 1365 815 1429 unitas
830 1365 1031 1448 potestativa
1045 1383 1110 1448 qua
1133 1364 1229 1428 lromo
1244 1364 1311 1428 sir·
1373 1400 1377 1407 ·

284 1470 402 1536 rotatis
424 1488 488 1532 non
514 1469 674 1535 instabilis
699 1488 763 1534 non
792 1468 963 1535 dissimilis
987 1467 1049 1533 sed
1074 1488 1160 1533 anus
1186 1467 1312 1534 sibimet

294 1586 450 1656 asemper
472 1575 587 1638 nititur
613 1575 767 1640 inveniri.
800 1574 860 1639 list
891 1583 1120 1657 consentanea,
1150 1592 1223 1637 cum
1248 1593 1313 1658 per

322 1679 492 1743 caritatem
516 1681 694 1744 multorum
710 1679 877 1745 bominum
893 1691 942 1744 est
955 1699 1014 1744 cor
1029 1698 1131 1743 unum
1145 1687 1177 1743 et
1198 1680 1311 1743 anima

296 1796 401 1851 tuna.
424 1784 485 1849 Est
507 1797 538 1851 et
554 1787 671 1868 votiva,
685 1806 758 1851 cum
770 1788 882 1852 anima
900 1786 1140 1853 votisooirribus
1150 1783 1311 1849 adherens

292 1886 395 1955 8Deo
419 1908 505 1954 unus
525 1890 662 1974 spiritus
684 1898 741 1954 est.
765 1891 809 1954 Et
833 1900 882 1956 est
909 1891 1078 1977 dignativa
1105 1890 1218 1954 unitas
1245 1909 1311 1975 qua

283 1991 421 2058 islimus
443 2005 554 2060 noster
583 2017 604 2060 a
636 1996 700 2059 Dei
720 1995 818 2060 verbo
849 1998 883 2061 in
917 2016 1015 2059 unam
1048 2006 1235 2080 assumptas
1264 2004 1313 2060 est

316 2121 506 2186 personam.
531 2100 572 2165 Et
586 2123 683 2187 super
697 2102 771 2166 istas
785 2115 860 2166 octo
875 2100 1012 2167 unitates
1027 2100 1104 2165 dicit
1118 2099 1152 2164 in
1167 2101 1310 2186 quodam

321 2228 466 2272 sermone
489 2209 637 2293 quodest
655 2210 763 2273 unitas
778 2207 979 2291 principalis
994 2226 1060 2290 qua
1083 2215 1149 2270 tres
1165 2224 1309 2290 persone

321 2313 525 2377 divinarunt
548 2333 613 2377 aaa
637 2313 844 2379 indivisibilis
871 2313 1029 2379 assencia.
1060 2313 1101 2376 Et
1128 2310 1172 2375 sic
1203 2309 1309 2374 omnis
1326 2328 1403 2390 osny
1416 2343 1477 2392 noy
1490 2333 1534 2380 ικ-

321 2417 425 2482 unitas
446 2431 552 2502 potest
574 2417 634 2482 dici
653 2418 910 2502 supernaturalis,
924 2417 1075 2484 naturalis
1090 2417 1141 2480 vel
1156 2415 1306 2480 virtualis.
1317 2388 1537 2486 „illli'ffi

279 2544 312 2581 oo
320 2522 395 2585 Duo
424 2522 601 2606 posteriora
638 2525 781 2588 membra
804 2523 963 2609 recipiunt
998 2522 1169 2588 divisiones
1199 2520 1306 2587 multi·
1388 2489 1449 2536 ’ω’

318 2626 416 2710 plices
438 2641 567 2692 etcum
589 2628 621 2692 in
645 2629 807 2713 equivocis
830 2650 897 2693 non
920 2629 961 2694 sit
974 2626 1198 2708 contradiccio,
1220 2638 1309 2712 patet

318 2732 407 2816 quod
430 2752 496 2795 non
533 2747 692 2819 repugnat
717 2754 833 2819 eorpus
860 2733 990 2800 ecclesie
1016 2754 1082 2798 non
1118 2729 1307 2813 continuari,

318 2834 482 2920 loquendo
519 2838 558 2901 de
596 2837 840 2904 continuacione
876 2837 1010 2904 naturali
1041 2835 1201 2920 sensibili,
1232 2855 1308 2901 cum

95 2980 103 3035 3
318 2940 458 3024 quelibet
480 2962 552 3026 pars
575 2941 643 3006 eius
666 2942 874 3028 quantitative
896 2943 1058 3029 completa
1078 2942 1112 3006 in
1138 2955 1211 3006 actu
1239 2960 1307 3004 non

278 3047 310 3101 25
320 3044 364 3110 sic
387 3045 591 3111 continuatur
612 3068 689 3112 cum
709 3048 770 3112 alia
798 3047 981 3113 naturaliter
1002 3045 1306 3128 incommunicante,

319 3163 350 3214 et
372 3164 479 3214 tamen
503 3151 706 3216 continuatur
727 3152 789 3215 alia
803 3151 1049 3217 continuacione
1064 3151 1217 3238 spirituali
1232 3151 1306 3237 plus

319 3253 391 3318 lorti
415 3255 642 3340 perspiritum
665 3255 722 3319 Dei
745 3255 899 3322 diffusum
920 3256 954 3321 in
976 3257 1126 3322 cordibus
1157 3256 1307 3321 omnium

318 3360 538 3424 membrorum
559 3359 689 3425 ecclesie
715 3359 908 3426 babencium
933 3361 1043 3425 omnia
1069 3359 1305 3426 in-communi.

283 3485 310 3551 Q
362 3466 485 3544 Quarto
506 3464 721 3551 principaliter
742 3465 885 3550 arguitur
906 3487 963 3551 per
984 3466 1046 3530 hoc
1068 3467 1157 3552 quod
1178 3467 1220 3530 ad
1233 3464 1304 3529 uni·
1330 3521 1333 3527 .

277 3590 430 3644 &vocam
452 3571 614 3636 racionem
636 3570 766 3636 ecclesie
780 3571 949 3658 requiritur
973 3570 1110 3635 univoca
1124 3570 1210 3635 racio
1232 3592 1305 3637 sua·

358 3738 375 3771 ι.
389 3728 410 3771 Α
423 3724 447 3770 ln
462 3736 546 3782 marg-s
561 3724 717 3772 bernnardus.
726 3724 778 3771 AB
791 3725 815 3770 ln
829 3722 1022 3782 merarllnltatls
1031 3731 1086 3770 oete
1100 3723 1174 3770 nodi.
1228 3737 1261 3771 ro·
1272 3723 1304 3771 aa

318 3807 365 3840 non
379 3794 481 3841 instabit.
588 3797 617 3842 tl.
631 3795 662 3841 a:
677 3807 723 3842 una
737 3802 882 3852 asumptus.
986 3805 1024 3850 sq.
1037 3796 1060 3840 Α
1074 3793 1098 3840 ln
1112 3805 1201 3852 merga
1215 3793 1306 3854 Quarta

317 3863 432 3910 obieccio.
448 3863 492 3909 llic
507 3871 570 3910 note.
586 3864 646 3911 Note
669 3865 791 3911 materiem
812 3864 841 3910 de
856 3863 960 3981 unguis:⁸
968 3863 1062 3910 melone
1074 3863 1182 3922 parcium
1196 3863 1306 3929 eeclesias

316 3968 334 4013 B
349 3969 374 4014 ln
389 3980 462 4025 mera.
488 3980 552 4015 man.
567 3971 615 4016 elta
629 3969 804 4018 Prodestlnscle
823 3969 866 4029 <
884 4004 981 4063 mm

364 4148 385 4183 t.
399 4129 543 4184 bernhardi
556 4130 627 4203 Opp.
644 4147 705 4202 psa.
728 4129 805 4200 1048.
865 4130 904 4184 ιδ.
922 4128 963 4183 Cl.
982 4142 1135 4181 sermonem
1154 4126 1302 4182 Bernbsrdl

317 4217 399 4288 (Opp.
417 4234 477 4288 pag.
499 4219 577 4287 450):
600 4218 693 4273 Unitss
714 4217 866 4290 principalis
892 4233 946 4287 que
964 4227 991 4270 et
1008 4213 1192 4270 substancislls
1219 4214 1305 4269 estin

317 4302 439 4359 trinitate.
