3262 5226
695 534 867 589 souanms
883 532 1034 587 wrcars.
1184 506 1267 600 [car.
1281 524 1357 572 xvir.

366 692 524 758 stolorum
540 691 674 768 concilia
688 704 859 758 tenuerunt
873 688 1060 774 primatum,
1086 700 1118 751 et
1132 702 1205 771 post
1221 702 1358 771 quatuor
1370 699 1428 757 185⁴
1440 702 1467 756 Ρ

367 795 501 860 concilia
515 794 711 881 principalia,
732 795 773 859 de
794 793 912 880 quibus
939 793 1029 857 xvl·
1051 792 1123 855 dist.
1144 789 1309 878 Omnibus,
1325 805 1357 854 et

367 914 506 988 quatuor
537 898 665 965 luemnt
694 898 888 984 sollempnes
917 896 1023 961 sinodi
1065 893 1115 982 (ut
1151 908 1238 979 patet
1273 896 1356 962 xvl.

367 1004 439 1069 dist.
465 1000 646 1087 Omnibus).
681 1003 841 1069 Omnibus
872 1016 982 1066 tamen
1015 1000 1082 1064 istis
1104 998 1165 1063 hoc
1192 998 1357 1084 imperfec-

368 1108 469 1174 cionis
491 1108 551 1173 luit
572 1108 662 1194 quod
684 1106 906 1193 unusquisque
932 1120 1101 1189 tamquam
1132 1104 1258 1189 ignarus
1280 1123 1356 1167 con·
1368 1120 1383 1173 5

368 1214 504 1279 sulendo
533 1213 669 1299 quesivit
699 1213 738 1278 ab
760 1212 834 1276 alio.
866 1213 941 1276 Non
969 1210 1015 1274 sic
1037 1223 1146 1273 autem
1168 1207 1201 1272 in
1223 1207 1359 1273 concilio

370 1318 509 1382 increato
532 1316 645 1382 necin
669 1316 804 1382 concilio
828 1316 917 1401 quod
940 1312 1087 1379 Christus
1110 1332 1185 1375 cum
1206 1312 1359 1397 apostolis

369 1420 552 1506 celebravi13
578 1421 646 1507 ipse
669 1421 755 1488 enim
780 1420 976 1486 omnisciens
1016 1439 1082 1483 non
1113 1417 1272 1481 consuluit
1303 1437 1359 1481 eos

368 1526 402 1589 in
423 1525 483 1590 sibi
505 1525 662 1609 ambiguis
690 1527 744 1591 sed
770 1545 828 1612 per
854 1544 888 1588 se
914 1522 1065 1588 diffinivit
1092 1536 1125 1587 et
1156 1520 1361 1586 auctorizavit

369 1629 449 1716 quid
471 1627 553 1695 loret
574 1629 704 1695 ecclesie
725 1627 924 1710 laciendum;
946 1629 1037 1713 quod
1059 1648 1141 1713 pape
1164 1647 1228 1690 non
1252 1639 1403 1711 potestis

369 1747 561 1818 competere.
588 1735 662 1798 ldeo
686 1733 818 1799 concilia
845 1732 1006 1818 posterius
1034 1729 1261 1817 solempniaata
1291 1751 1359 1794 non

371 1853 508 1923 possunt
539 1838 597 1902 nisi
625 1837 777 1924 equivoce
810 1838 872 1901 dici
895 1835 1033 1901 concilia
1054 1835 1105 1898 vel
1127 1835 1282 1920 generalia
1304 1849 1361 1900 aut

371 1943 505 2025 decreta,
528 1942 609 2006 inter
621 1942 677 2006 illa
698 1956 803 2006 tamen
826 1954 967 2027 quatuor
990 1940 1126 2004 concilia
1140 1940 1360 2024 apostolorum

372 2046 601 2112 racionabiliter
619 2046 738 2111 habent
759 2044 1031 2131 preeminenciarn
1046 2044 1067 2090 *
1082 2042 1250 2129 dignitatis.
1374 2059 1434 2112 186·

416 2152 478 2215 Sed
504 2150 668 2215 videamus
701 2150 740 2215 fet
772 2150 987 2215 commixtum
1020 2169 1095 2212 cum
1124 2148 1225 2212 mellis
1255 2150 1399 2230 dulce-Q

374 2256 459 2320 dine.
483 2256 518 2319 ln
542 2271 643 2320 morte
668 2252 799 2342 (inquit)
823 2255 940 2322 Christi
965 2254 1049 2339 cepit
1080 2274 1146 2317 esse
1173 2248 1313 2334 ecclesia
1345 2275 1363 2317 a

374 2380 438 2444 qua
467 2374 571 2425 morte
602 2374 796 2425 sacramenta
823 2372 1031 2444 sumpserunt
1062 2356 1243 2422 elficnciam.
1276 2359 1366 2423 Patet

157 2475 309 2524 Taurum
323 2479 412 2527 anses
438 2463 529 2528 dictis
557 2463 589 2526 in
615 2464 719 2549 prima
742 2464 947 2548 responsione
971 2477 1003 2527 et
1027 2463 1165 2527 secunda
1198 2464 1364 2547 quomodo

158 2535 198 2578 the
211 2542 278 2575 error
286 2530 330 2575 lles
339 2530 363 2576 ln

173 2583 350 2682 eppinphprupp
374 2586 459 2630 error
494 2565 553 2631 iste
592 2570 714 2632 nedum
754 2569 878 2632 tolleret
916 2567 1075 2631 honorem
1112 2582 1218 2631 sancte
1256 2567 1364 2631 matris

160 2687 357 2785 dpenffi‘ffi'
375 2670 503 2734 ecclesie
519 2692 557 2735 ex
572 2693 629 2736 sua
644 2672 830 2757 antiquitate
846 2671 978 2736 fundata
997 2670 1108 2735 infide
1124 2671 1286 2755 scripture,
1309 2672 1363 2735 sed
1375 2704 1407 2740 ιο

358 2768 480 2839 ‘innuit
509 2775 792 2862 interempcionem
818 2776 922 2841 meriti
946 2776 1055 2840 matris
1087 2789 1192 2839 nostre
1223 2790 1254 2839 et
1285 2775 1366 2839 tollit

378 2876 473 2952 fidem
497 2895 622 2964 patrum
646 2881 756 2945 veteris
775 2881 954 2945 testamenti
975 2880 1204 2944 dehonorando
1226 2893 1367 2943 sanctam

377 2998 512 3047 matrem
543 2985 714 3048 ecclesiam.
746 2986 825 3049 ltem
857 2985 1023 3049 manifeste
1059 2985 1222 3069 responsio
1259 2986 1367 3048 obviat

377 3087 435 3150 sibi
466 3087 537 3171 ipsi,
565 3089 637 3172 qnia
660 3104 732 3153 ante
755 3104 891 3153 mortem
916 3089 1034 3154 Christi
1063 3089 1122 3153 luit
1144 3090 1187 3153 ita
1209 3090 1297 3173 quod
1320 3103 1367 3153 est

379 3191 552 3257 multitudo
586 3194 734 3258 omnium
764 3195 1011 3259 christianorum
1044 3194 1233 3257 hahencium
1257 3215 1293 3257 ex
1316 3193 1408 3264 in·23

379 3312 467 3381 tegro
490 3311 608 3361 rectam
636 3313 667 3362 et
690 3301 822 3362 eandem
855 3299 950 3363 fidem
975 3320 1032 3384 per
1054 3299 1215 3364 Christum
1239 3314 1269 3362 et
1291 3319 1367 3361 suos

380 3402 541 3485 apostolos
565 3404 797 3487 promulgatam
830 3417 861 3467 et
882 3425 901 3466 a
925 3403 1041 3467 sanctis
1063 3402 1204 3487 patribus
1235 3403 1267 3465 in
1290 3423 1367 3466 con·

379 3503 458 3569 ciliis
466 3506 663 3590 generalibus
673 3507 871 3589 declaratam,
879 3520 913 3570 ut
925 3507 1099 3570 declaratur
1109 3506 1142 3569 in
1152 3508 1366 3590 responsione.

184 3620 346 3666 riemann
380 3610 455 3672 ldeo
488 3625 561 3674 ante
584 3625 720 3675 mortem
742 3611 861 3676 Christi
894 3611 1020 3675 tuitio
1049 3613 1136 3694 quod
1160 3626 1206 3675 cst
1227 3611 1366 3675 ecclesia.

184 3680 273 3718 cannot
285 3673 344 3717 bare

183 3724 352 3837 '’pii'ssssffl‘
381 3716 453 3779 Non
487 3714 573 3778 enim
603 3715 719 3798 incepit
749 3716 878 3778 ecclesia
906 3716 937 3776 in
963 3714 1080 3794 triduo,
1104 3716 1232 3798 quando
1254 3715 1411 3787 dicitur30

424 3982 443 4016 a.
466 3970 483 4016 B
507 3972 531 4017 ln
556 3984 645 4030 marga
667 3973 776 4030 Qnstuor
799 3973 899 4018 tonellis
923 3969 1086 4028 apostolorum
1110 3976 1132 4014 et
1155 3978 1256 4026 quatuor
1276 3970 1370 4017 inerant

384 4041 518 4097 solempnes
543 4042 629 4100 alnodl,
654 4049 681 4086 nt
710 4050 770 4098 patet
800 4041 864 4088 xvl.
893 4040 948 4086 dist.
978 4038 1106 4084 Omnibus.
1211 4050 1231 4084 a.
1261 4038 1292 4084 uz
1316 4038 1370 4087 XV.

384 4121 418 4155 ro.
445 4110 476 4155 uz
499 4118 576 4167 potest
602 4113 675 4157 deest.
757 4110 788 4156 1⁵.
810 4112 833 4156 Α
852 4114 876 4157 in
900 4122 991 4167 marsus
1015 4107 1104 4154 Contra
1126 4109 1172 4153 boc
1199 4110 1262 4167 qnod
1285 4109 1372 4156 dlcltnr

383 4180 447 4237 quod
471 4180 568 4226 eeclesla
590 4180 677 4238 incepit
698 4188 864 4238 postmortem
878 4179 976 4227 Christi.
1074 4191 1106 4237 ¹⁹·
1121 4178 1152 4225 Er
1166 4178 1279 4224 honorem
1297 4178 1370 4225 deest

384 4261 421 4296 ao.
435 4260 465 4295 ar.
479 4251 502 4295 Α
516 4252 559 4308 am
573 4251 613 4296 sed
628 4249 741 4297 lannltor.

432 4460 455 4495 a.
469 4444 533 4496 Dist.
549 4444 597 4495 xv
614 4445 656 4496 vel
668 4445 736 4497 xvt.
747 4442 881 4497 Omnibus
893 4459 948 4496 non
962 4454 1042 4496 extat.
1054 4445 1096 4498 Cl.
1108 4459 1152 4513 pp.
1166 4440 1225 4507 388,
1237 4443 1290 4495 and
1310 4442 1370 4514 398.
