3262 5226
310 458 377 507 cnr.
388 442 463 534 vsu]
689 459 737 512 uu
754 458 922 511 Scelesta

195 640 225 693 ρ
239 620 455 704 .5.⁴legintam
486 618 661 702 approbare
692 615 854 678 mendacia
877 612 1031 679 diffideret
1053 617 1141 700 quod
1162 608 1290 679 ecclesia

309 724 361 787 ilis
392 724 544 807 recipiens
575 742 613 784 ex
644 719 737 784 titulo
758 717 933 782 elemosine
955 740 973 782 a
996 718 1126 783 seculari
1149 718 1289 804 principe

309 832 392 894 bons
416 825 599 891 huiusmodi
623 826 682 889 sub
705 823 891 887 condicione
914 824 1003 908 quod
1026 825 1177 908 rependat
1199 823 1289 909 spiri·

309 935 392 997 tuale
409 930 604 1014 suffragium,
620 927 806 992 mentiretur
820 927 854 990 in
870 925 1085 991 defraudando
1098 950 1117 992 e
1131 928 1290 1013 promisso

284 1037 467 1120 §suffragio
492 1037 565 1098 ldeo
589 1033 649 1096 ista
663 1032 774 1116 opinio
791 1030 870 1095 foret
883 1031 1020 1116 pessima
1034 1034 1073 1096 ad
1088 1034 1173 1097 bona
1192 1034 1289 1097 eccle·

308 1141 352 1204 sie
375 1139 508 1203 fideliter
537 1137 785 1222 procurandum.
809 1137 849 1201 Et
871 1137 983 1199 eadem
1006 1151 1052 1201 est
1079 1137 1291 1201 considerseio

307 1246 347 1307 de
369 1244 472 1307 causis
495 1242 648 1322 civilibus,
670 1242 759 1325 quod
781 1240 964 1325 inpossibile
986 1256 1034 1306 est
1059 1255 1095 1306 ut
1129 1240 1291 1307 mendacis

308 1348 376 1412 illes
408 1348 456 1411 sel
491 1345 715 1410 contenciones
742 1345 864 1430 aliquas
893 1346 1033 1430 legitime
1058 1359 1291 1431 promoverent.

309 1451 555 1516 Consideremus
590 1470 666 1533 ergo
701 1452 790 1535 quod
821 1449 966 1514 Christus
1003 1450 1179 1515 incurrebat
1215 1463 1292 1535 aput
1316 1462 1497 1564 pensionem

270 1557 497 1632 msacerdotes,
536 1553 697 1638 phariseos
733 1568 764 1618 et
801 1555 916 1617 scribas
948 1555 1169 1640 apparenciam
1200 1555 1291 1619 dilie-
1313 1569 1396 1624 regare
1414 1578 1443 1615 ιο
1461 1571 1499 1617 tus

309 1660 473 1739 madonis,
505 1659 642 1722 maxime
673 1680 709 1721 ex
736 1659 798 1722 hoe
821 1660 910 1744 quod
932 1661 1109 1744 detegendo
1132 1659 1292 1724 veritatem

308 1779 338 1829 et
370 1764 569 1849 reprobando
601 1783 712 1826 eorum
745 1762 824 1826 vicia
853 1763 998 1846 purgavit
1020 1763 1183 1828 ecclesiam
1204 1777 1236 1828 et
1258 1777 1293 1828 ut

307 1870 351 1933 sic
374 1869 521 1953 aquisivit
537 1867 593 1930 sibi
612 1888 729 1930 nomen
751 1868 840 1952 quod
860 1883 907 1932 est
927 1888 1022 1952 super
1043 1889 1139 1932 omne
1163 1889 1292 1951 nomen,

308 1995 459 2059 superans
482 1973 657 2058 quamlibet
680 1970 797 2034 lamam
819 1972 942 2036 mundi.
979 1971 1031 2037 Sic
1053 1993 1112 2037 nos
1134 1973 1292 2037 christiani

270 2080 460 2149 15debemus
483 2094 587 2143 tenere
610 2076 771 2139 veritatem
795 2090 826 2140 et
848 2076 1009 2160 privilegis
1030 2077 1157 2142 ecclesie
1176 2077 1291 2143 Christi

308 2183 474 2247 defendere
492 2196 649 2267 quantum
669 2178 843 2244 sufficimus
859 2201 917 2244 nec
936 2201 1042 2245 curare
1057 2182 1095 2245 de
1116 2181 1199 2246 lama
1221 2181 1291 2263 alie,

309 2289 366 2351 nisi
390 2290 429 2350 de
452 2302 573 2371 quanto
595 2285 728 2349 adicitur
750 2306 787 2348 ex
809 2285 934 2350 virtute.

271 2414 299 2466 Η
352 2393 414 2456 Sed
452 2391 548 2455 tercio
588 2389 765 2453 notandum
802 2410 861 2473 pto
900 2390 1040 2454 ulteriori
1078 2390 1291 2455 declaratione
1307 2403 1503 2453 atti-eman

1309 2455 1347 2500 ior
1360 2458 1400 2502 ibe
1416 2459 1504 2507 nenses

309 2495 548 2581 privilegiorum
580 2494 706 2557 ecclesie
739 2494 827 2577 quod
861 2494 1061 2578 privilegium
1089 2511 1134 2559 est
1173 2497 1290 2580 priuata
1309 2508 1502 2610 onqppsb‘ctctqqa

268 2601 368 2679 mles,
402 2620 550 2663 concessa
572 2620 590 2661 a
613 2598 754 2682 principe
777 2599 816 2659 ad
839 2600 1049 2662 commodum
1083 2599 1211 2664 ecclesie
1241 2601 1290 2664 vel
1317 2608 1400 2676 arinis
1418 2627 1498 2673 equ

309 2726 451 2790 persone.
478 2705 569 2768 Unde
592 2702 632 2789 (si
656 2723 721 2765 non
738 2701 843 2786 fallor)
867 2703 972 2766 omnis
994 2703 1079 2767 bona
1094 2704 1142 2767 lex
1166 2718 1289 2790 tempo·
1308 2667 1503 2775 iiiileisriibi

308 2810 380 2873 ralis
413 2809 462 2871 vel
498 2808 681 2871 humanitus
712 2807 880 2870 adinventa
912 2828 969 2891 pro
1002 2807 1132 2872 utilitate
1163 2808 1291 2874 ecclesie
1370 2770 1440 2816 isne

308 2913 411 2977 vocari
444 2927 549 2997 potest
579 2911 776 2996 privilegium
811 2911 950 2993 ecclesie,
981 2932 1056 2975 cum
1085 2912 1191 2976 omnis
1221 2913 1290 2977 talis

308 3018 356 3080 lex
388 3017 426 3081 sit
464 3018 583 3103 privata
620 3017 726 3101 quoad
761 3030 887 3101 tempus
922 3029 953 3080 et
989 3016 1157 3102 populum.
1199 3018 1290 3083 Unde

268 3122 395 3205 25quod
430 3122 539 3203 legiste
570 3137 684 3185 vocant
715 3121 788 3184 talia
815 3120 883 3184 iura
906 3121 1090 3185 communia
1112 3143 1177 3185 non
1200 3123 1290 3186 obest

307 3225 384 3308 quin
416 3226 479 3290 sint
512 3225 641 3310 privata,
676 3226 749 3310 quia
779 3226 811 3288 in
844 3226 1072 3290 communitate
1102 3227 1210 3312 legum
1241 3240 1288 3291 est

307 3331 381 3392 dare
412 3330 570 3413 quotlibet
599 3331 724 3414 gradus,
752 3345 783 3394 et
809 3330 858 3392 lex
882 3330 1002 3413 privata
1023 3345 1137 3416 potest
1155 3352 1288 3396 crescere

308 3433 340 3494 in
363 3435 592 3497 communitate
619 3436 724 3518 quoad
753 3449 890 3517 tempus,
923 3435 1031 3499 locum
1057 3449 1087 3500 et
1109 3456 1288 3521 personam.

309 3538 372 3599 Lex
395 3552 502 3601 autem
525 3538 659 3602 caritatis
681 3560 778 3623 quum
801 3539 908 3602 omnis
931 3540 1030 3604 homo
1052 3543 1145 3605 debet
1166 3561 1290 3626 semper
1307 3571 1360 3618 Tne
1375 3575 1499 3624 ...qm

268 3655 338 3708 3001
370 3641 487 3725 ubique
519 3657 623 3706 tenere
650 3658 697 3707 est
723 3643 772 3706 ius
799 3644 1101 3708 communissimum
1128 3646 1209 3710 sicut
1230 3646 1289 3709 alie
1311 3625 1502 3740 irrep-⁸3³&

307 3745 392 3827 leges
425 3746 657 3809 condicionales
680 3769 758 3831 quas
781 3748 849 3831 ipsa
876 3748 1029 3832 implicat.
1066 3750 1162 3813 Addo
1190 3749 1287 3813 eciam

308 3848 547 3912 distinccionem
563 3850 690 3913 ecclesie
707 3855 762 3939 vel·
772 3873 916 3935 persone,
939 3853 1014 3936 quia
1028 3853 1053 3915 si
1069 3867 1194 3917 tantum
1209 3868 1289 3918 esset

309 3974 370 4014 una
403 3969 541 4016 creatura
564 3955 727 4018 rationalis
758 3956 962 4041 privilegiata,
995 3971 1071 4021 tunc
1099 3978 1164 4020 non
1192 3958 1286 4042 privi-

308 4057 473 4139 legiaretur
495 4059 633 4121 ecclesia.
658 4059 859 4143 Privilegium
882 4082 958 4144 ergo
974 4074 1020 4124 est
1035 4061 1177 4145 specialis
1191 4063 1287 4126 licen·

346 4240 377 4286 18.
402 4245 431 4299 A,
455 4243 502 4288 Sed
524 4244 628 4289 ulterius.
734 4258 768 4302 sp.
791 4249 811 4290 Α
835 4245 858 4291 in
880 4260 966 4304 marg:
993 4247 1056 4303 Quid
1075 4255 1109 4291 est
1123 4247 1286 4305 privilegians?

307 4320 340 4352 as.
355 4313 385 4354 Α.
404 4312 426 4354 is
440 4325 528 4366 marga
548 4313 635 4358 Omnis
652 4314 688 4359 lea
703 4315 835 4360 humanitus
856 4316 980 4361 adinventa
999 4315 1061 4360 utilis
1077 4323 1112 4361 est
1130 4316 1284 4373 privilegium.

307 4378 339 4422 25.
355 4383 397 4435 Ap
413 4382 475 4436 quod
491 4381 577 4426 iuriste.
683 4382 715 4427 32.
730 4383 859 4430 distinctius
874 4386 897 4429 le
911 4384 982 4430 codd.

1333 1622 1480 1680 separation.
1579 1680 1582 1684 .
