3262 5226
329 454 464 550 ceam]
712 419 960 528 ouumeasra.
1510 464 1551 527 σι

214 653 243 707 tt
260 651 319 706 136·
329 635 431 698 solide
458 647 534 719 post
560 631 700 717 primam
728 629 935 694 sanacionem
956 629 991 693 in
1013 627 1147 692 sanitate
1173 642 1326 713 perpetua

329 739 470 804 stabiliti.
503 738 550 802 lili
582 750 693 801 autem
724 735 780 820 qui
813 750 888 800 sunt
910 735 994 800 intra
1015 735 1134 798 dictam
1161 734 1326 799 ecclesiam
1360 754 1447 800 vata
1460 756 1532 802 um

330 863 397 907 non
422 857 458 907 ut
480 857 597 927 partes,
619 854 696 905 sunt
717 840 751 903 in
774 842 876 922 gradu
899 838 1031 925 duplici,
1062 852 1099 903 ut
1129 837 1260 924 quidam
1291 838 1326 901 in
1347 805 1420 906 ”iic
1429 809 1544 907 alpago

331 967 389 1011 sua
420 944 598 1010 infidelitati
630 957 789 1030 perpetuo
820 957 1045 1027 pemranentes
1075 941 1132 1028 qui
1160 910 1443 1026 nunquamffl'iii
1454 915 1500 1012 iam
1514 923 1559 961 ἀ

306 1064 518 1136 sreceperunt
532 1049 696 1114 caritatem
711 1048 762 1112 vel
775 1048 927 1134 graciam.
944 1048 985 1113 Et
1006 1047 1051 1111 hii
1071 1061 1148 1112 sunt
1162 1060 1328 1132 tamquam

330 1160 384 1219 aer
415 1169 472 1219 aut
502 1168 617 1219 ventus
651 1155 685 1217 in
717 1154 861 1236 homine,
883 1153 917 1216 in
940 1174 1040 1238 quem
1071 1172 1242 1238 nunquam
1264 1152 1329 1237 egit

330 1279 408 1322 suus
440 1259 528 1324 calor
558 1259 721 1323 naturalis.
755 1258 809 1322 liii
843 1272 954 1323 autem
981 1258 1047 1322 sive
1069 1256 1235 1322 commixti
1265 1255 1329 1322 sint

329 1363 472 1428 localiter
502 1364 569 1428 sive
602 1363 712 1428 solum
740 1362 773 1426 in
799 1383 916 1448 genere
947 1362 1102 1444 humano,
1130 1375 1269 1447 prosunt
1286 1362 1328 1424 ad

330 1467 529 1551 refrigerium
547 1481 656 1532 sancte
670 1467 782 1532 matris
797 1466 937 1533 ecclesie.
960 1465 1015 1530 ilii
1032 1481 1141 1530 autem
1156 1479 1232 1530 sunt
1245 1480 1328 1530 tam·

288 1606 319 1641 ιο
329 1592 428 1655 quam
445 1573 680 1657 superfluitates
701 1572 763 1637 cibi
783 1572 894 1657 sponsi
911 1571 1042 1636 ecclesie
1056 1571 1113 1657 qui
1127 1569 1330 1656 spiritualiter

329 1677 442 1761 digerit
465 1678 699 1762 predestinatos
724 1692 755 1743 et
777 1679 910 1742 demum
933 1676 1096 1741 assimilat.

292 1796 319 1852 0
373 1783 414 1846 Et
425 1783 484 1847 iste
496 1798 543 1846 est
556 1783 645 1846 cibus
658 1785 697 1845 de
707 1804 775 1867 quo
787 1782 931 1868 loquitur
940 1782 1086 1846 Christus
1095 1780 1247 1845 Johannis
1257 1780 1328 1863 lV0,

332 1887 390 1949 32:
411 1886 487 1971 Ego
509 1888 615 1951 cibum
640 1888 745 1951 haheo
769 1887 974 1953 manducare
997 1906 1089 1971 quem
1109 1904 1166 1951 vos
1188 1886 1327 1950 nescitis.

330 1992 422 2056 Unde
445 1991 607 2076 superflua
624 1993 708 2056 illius
724 1993 786 2057 cibi
803 2007 878 2057 sunt
893 1991 1008 2056 iniecta
1024 1991 1155 2076 duplici,
1178 2004 1214 2055 ut
1229 1989 1326 2074 aliqui
1343 2006 1465 2104 ebrum
1478 2011 1520 2056 ne

290 2109 405 2164 assunt
434 2096 465 2157 in
495 2097 664 2161 stomacho
693 2111 801 2162 sancte
829 2096 939 2162 matris
968 2096 1098 2160 ecclesie
1125 2095 1240 2179 recepti
1271 2115 1328 2178 per
1383 2061 1554 2175 ”iriam

260 2213 320 2268 136⁴
329 2199 467 2283 graciam
483 2204 664 2265 secundum
680 2216 860 2286 presentem
878 2197 1078 2282 iusticiam*
1089 2200 1145 2263 sed
1161 2220 1199 2264 ex
1214 2219 1327 2264 eorum

329 2305 467 2388 ypocrisi
492 2310 540 2370 vei
565 2307 666 2371 heresi
691 2328 757 2370 non
781 2320 857 2371 sunt
880 2321 1011 2391 propter
1025 2304 1329 2369 abhominacionem

331 2409 466 2472 caritatis
490 2411 653 2493 operantis
682 2410 808 2495 digesti,
841 2411 951 2474 sedin
975 2410 1034 2474 hac
1056 2409 1121 2474 vita
1143 2408 1332 2474 sensibiliter

330 2515 520 2596 evomendi,
543 2516 582 2579 de
606 2516 724 2600 quibus
748 2515 892 2600 loquitur
913 2515 1043 2599 spiritus
1059 2529 1188 2578 sanctus
1202 2519 1330 2598 Apoca-

287 2616 511 2700 201ypsis1110,
540 2622 591 2685 16:
608 2622 722 2704 Neque
745 2621 874 2684 calidus
894 2639 930 2685 es
953 2639 1056 2703 neque
1068 2619 1236 2705 frigidus,
1258 2618 1330 2683 ideo

330 2721 483 2805 incipiam
513 2734 544 2788 te
571 2745 723 2790 evomere
745 2725 786 2788 de
812 2745 872 2789 ore
897 2745 978 2791 meo.
1001 2725 1097 2788 Tales
1120 2738 1228 2788 autem
1255 2736 1331 2788 sunt

330 2824 397 2889 sive
420 2827 523 2890 clerici
548 2828 614 2891 sive
637 2829 707 2893 iaici
722 2830 946 2914 pretendentes
961 2850 995 2892 se
1011 2827 1133 2913 operari
1149 2829 1188 2892 ad
1204 2825 1329 2892 edifica·

329 2929 459 2992 cionem
493 2945 601 2995 sancte
635 2933 745 2998 matris
777 2933 908 2998 ecclesie
939 2931 1098 3019 quidquid
1130 2945 1257 3018 agunt,-
1274 2932 1329 2996 sed

329 3044 436 3095 tamen
465 3034 542 3118 quia
569 3035 688 3102 habent
716 3039 915 3103 intenciooes
945 3037 1073 3122 frigidas
1104 3035 1331 3121 temporalium

287 3150 462 3221 ,spropter
492 3160 573 3224 quas
602 3142 819 3226 principaliter
845 3155 955 3228 agunt,
983 3141 1057 3205 ideo
1084 3154 1160 3204 sunt
1186 3139 1330 3226 ypocrite

329 3239 398 3304 Deo
430 3243 687 3309 abhominabiles
715 3260 751 3310 ut
779 3267 863 3333 aqua
893 3246 1001 3330 tepida
1028 3265 1092 3330 que
1114 3258 1268 3329 provocat
1289 3246 1330 3308 ad

327 3345 499 3411 vomitum.
517 3349 558 3413 Et
569 3349 612 3413 hii
626 3353 777 3416 suntDeo
789 3351 928 3415 maxime
938 3350 1192 3414 abhominabiles
1203 3349 1331 3414 racione

329 3447 473 3514 falsitatis
496 3453 529 3514 in
553 3453 740 3537 duplicitate
762 3455 888 3520 latentis
910 3474 976 3541 que
998 3454 1175 3539 opponitur
1196 3454 1329 3522 veritati.

328 3552 422 3617 Unde
438 3555 522 3619 sicut
534 3556 836 3625 iuxtaliristoteiem
847 3558 954 3644 primo
965 3559 1251 3645 MetyororumVl⁶
1260 3580 1329 3644 cap.

373 3735 393 3782 3.
407 3739 431 3784 Α
444 3739 469 3785 ia
483 3753 573 3799 marga
589 3742 719 3801 Dupliciter
733 3753 768 3790 est
781 3746 857 3791 homo
871 3746 894 3791 ia
909 3745 1018 3792 ecclesia.
1033 3746 1082 3791 ihr
1101 3744 1232 3805 Dupliciter
1244 3745 1330 3792 dicitnr

328 3819 376 3852 non
391 3821 447 3864 pars
461 3813 485 3855 in
499 3812 607 3858 ecclesia.
629 3813 692 3859 Nota
705 3815 830 3872 quomodo
844 3817 940 3874 presciti
955 3824 1011 3862 aunt
1024 3816 1048 3861 la
1062 3816 1169 3879 ecclesia⁸
1253 3828 1281 3862 rr.
1295 3815 1327 3862 ba

328 3877 414 3935 dirigit.
470 3883 531 3926 raA
545 3882 570 3927 in
584 3895 673 3940 marga
688 3885 743 3930 Aila
757 3885 898 3930 subdivisio.
936 3887 1000 3931 aaa
1016 3885 1040 3930 la
1058 3897 1142 3943 maras
1157 3885 1329 3934 contrariari·

326 3948 387 3994 ciam
401 3948 458 3996 cleri
472 3959 495 3997 et
507 3952 609 3999 aliorum
622 3953 709 4007 (abore
724 3953 882 4000 1³6⁴without
895 3955 963 4000 mark
974 3953 1002 3999 ot
1011 3953 1151 4011 reference).
1216 3967 1253 4016 ap.
1267 3957 1291 4002 Α
1303 3954 1328 4000 la

328 4029 415 4074 marga
431 4021 580 4067 Aristotelea.
595 4022 614 4067 B
629 4023 653 4067 in
669 4023 848 4081 marg.=Qoara
863 4035 923 4081 aqna
936 4023 1017 4081 tepida
1031 4024 1105 4069 cicius
1112 4025 1250 4082 congelatur
1258 4035 1328 4082 quan

326 4084 412 4142 frigida
425 4094 557 4138 secandam
571 4092 736 4139 Aristotelem.

324 4237 326 4242 ’
373 4245 415 4302 ap
432 4227 673 4308 Μετιωρολογιιῶν
692 4233 726 4288 Α.
749 4253 778 4289 rr
803 4234 864 4287 ride
882 4236 961 4288 Arist.
981 4251 1013 4288 ex
1031 4248 1083 4288 rec.
1104 4236 1217 4291 Beiiceri
1234 4236 1290 4289 rol.
1305 4251 1329 4301 r,

328 4334 388 4387 pag.
409 4319 472 4385 348:
492 4319 673 4394 συμβάλλεται
696 4319 719 4374 b'
734 4318 774 4377 ier
790 4321 856 4393 spic
874 4320 923 4394 τὴν
940 4326 1078 4395 ταχυτῆτα
1093 4327 1144 4395 τῆς
1161 4319 1268 4396 chirac
1283 4319 1330 4375 ani

326 4403 357 4457 rh
375 4406 609 4480 rporeheppa'ubct
625 4408 655 4462 rh
673 4402 753 4480 ὓδωρ.
770 4409 870 4463 θᾶττον
886 4409 937 4482 γὰρ
954 4405 1075 4482 dixeras.
