3262 5226
207 331 361 427 casnm]
583 355 823 410 osuccunsra

94 525 124 579 G
139 524 198 595 169·
206 510 373 574 comedent
405 520 437 575 et
468 512 568 576 nichil
597 513 690 577 aliud
721 514 880 596 accipient
912 512 953 576 de
979 512 1190 595 possessione

196 615 350 701 fratrum
373 631 526 681 suorum:
571 617 733 682 Dominus
755 619 841 683 enim
865 618 934 701 ipse
957 626 1004 681 est
1024 614 1190 680 hereditas

206 740 333 798 eorum,
365 721 450 784 sicut
472 721 598 785 locutus
621 732 667 787 est
691 723 766 787 illis.
789 722 832 786 Et
852 721 897 784 sic
919 720 1061 805 intelligo
1089 719 1188 804 scrip·

206 838 312 889 turam
327 844 448 889 sacram
470 825 602 889 Numeri
616 827 744 908 xv1110,
768 844 820 906 πο,
837 846 911 889 cum
931 824 1058 890 dicitur:
1079 823 1189 887 Dixit·

180 947 269 1014 sque
305 929 456 993 dominus
486 929 530 991 ad
565 932 695 996 Aaron:
729 930 769 994 ln
807 940 900 994 terra
937 950 1052 994 eorum
1090 928 1191 992 nichil

201 1033 409 1117 possidebitis
429 1053 487 1097 nec
501 1034 656 1099 habebitis
674 1046 804 1119 partem
828 1036 914 1100 inter
936 1054 1002 1114 eos,
1026 1052 1088 1118 ego
1104 1052 1190 1116 pars

206 1147 237 1200 et
272 1136 437 1201 hereditas
473 1148 540 1201 trra.
590 1138 749 1202 Haberent
785 1152 894 1203 autem
930 1140 1108 1203 sacerdotes
1150 1137 1190 1200 de

206 1240 337 1324 optimis
367 1241 568 1304 vescibilibus
603 1241 669 1305 sine
705 1242 915 1307 sollicitudine
952 1241 1002 1329 (ut
1029 1255 1116 1326 patet
1152 1261 1190 1305 ex

207 1344 308 1407 Exodi
337 1344 438 1427 x1x0,
466 1344 596 1408 Levitici
624 1346 653 1408 1⁰
676 1362 707 1410 et
734 1348 791 1410 lV⁰
818 1362 849 1412 et
880 1347 1023 1431 capitulis
1054 1367 1190 1432 sequen·

166 1449 317 1533 ratibus).
363 1450 410 1513 Ex
442 1449 507 1514 istis
540 1463 645 1533 potest
671 1451 776 1534 colligi
810 1452 972 1516 conclusio
1002 1453 1091 1536 quod
1118 1471 1190 1514 mo·

208 1555 304 1617 derna
341 1553 414 1617 cleri
456 1553 583 1619 dotacio
620 1575 685 1618 non
727 1569 775 1620 est
817 1555 985 1620 fundabilis
1021 1555 1053 1618 in
1090 1556 1189 1620 altero

208 1672 409 1725 testamento.

176 1792 198 1833 a
251 1763 401 1828 Secundo
432 1763 646 1848 principaliter
678 1764 814 1829 obicitur
835 1786 891 1849 per
911 1765 972 1828 hoc
995 1766 1082 1849 quod
1117 1766 1221 1838 dare„
1234 1793 1254 1839 ι,
1267 1792 1413 1853 popm

206 1867 403 1952 aliquantam
434 1869 642 1932 elemosinam
676 1890 734 1953 pro
769 1870 933 1954 aliquanto
968 1883 1112 1952 tempore
1144 1884 1191 1932 est
1200 1847 1414 1956 ‘iii'hffi'iiss‘

166 1988 194 2040 15
206 1993 282 2035 cum
305 1973 434 2057 paribus
449 1972 582 2036 alicuius
597 1973 717 2053 meriti;
740 1975 812 2037 dare
832 1995 907 2037 cum
923 1974 1049 2058 paribus
1069 1987 1190 2038 tuntum
1230 1954 1381 2064 “ssssfissffl‘

206 2077 257 2140 vel
289 2077 444 2140 maiorem
476 2076 682 2141 elemosinam
715 2098 771 2161 per
800 2094 928 2163 tempus
959 2077 1083 2142 diucius
1110 2076 1191 2142 loret

207 2180 310 2244 meriti
326 2180 502 2264 amplioris,
525 2195 557 2244 et
578 2202 635 2265 per
650 2201 848 2266 consequens
866 2203 925 2267 pro
948 2198 1091 2267 tempore
1113 2180 1191 2266 legis
1232 2255 1235 2260 ,

209 2285 322 2370 gracie,
356 2287 488 2369 quando
519 2287 612 2349 debet
648 2307 716 2350 esse
751 2287 1033 2371 superhabundans
1070 2287 1191 2367 caritas,

208 2388 301 2453 debet
331 2388 398 2452 dari
429 2389 603 2454 elemosina
634 2390 808 2475 largissima
840 2392 949 2476 quoad
981 2372 1206 2476 quantitatem¹
1222 2419 1307 2476 pum
1320 2420 1386 2469 ,ιω

166 2527 199 2563 20
210 2494 359 2577 muneris,
382 2496 491 2580 quoad
505 2494 681 2559 libertatem
700 2496 884 2559 donacionis
900 2511 931 2561 et
946 2498 1053 2580 quoad
1069 2496 1189 2560 diutur·
1200 2475 1289 2572 Ἢ
1318 2475 1413 2574 ''22¹2‘'

208 2598 340 2664 nitatem
362 2588 526 2683 temporis.
565 2599 627 2663 Sed
660 2599 710 2662 cui
743 2600 898 2663 donarent
930 2599 999 2664 laici
1023 2599 1081 2662 nisi
1106 2601 1191 2663 clero
1230 2578 1383 2691 ‘ww'

207 2703 324 2768 Christi
347 2725 365 2768 a
388 2724 454 2789 quo
478 2703 634 2788 recipiunt
656 2703 844 2768 elemosinas
872 2699 1060 2789 ampliores?
1104 2705 1191 2788 Ergo

206 2808 308 2873 sancti
343 2830 431 2893 reges
465 2822 497 2873 et
527 2809 649 2894 prelati,
680 2808 765 2891 leges
791 2809 919 2873 ecclesie
942 2823 973 2874 et
995 2808 1191 2874 ostensiones

206 2913 349 2978 miraculi
372 2914 490 2978 docent
504 2934 580 2977 cum
595 2913 721 2977 racione
738 2915 776 2978 de
791 2912 967 2979 maioritate
982 2913 1085 2979 meriti
1101 2914 1191 2998 quod

162 3020 276 3087 astulis
308 3018 435 3083 dotacio
459 3018 588 3082 ecclesie
620 3017 659 3082 sit
687 3018 847 3083 meritoria
874 3019 1050 3104 utrobique.
1097 3016 1190 3097 Quis,

172 3124 347 3209 uinquam,
385 3122 508 3188 dubitat
539 3121 628 3207 quin,
673 3121 699 3185 si
727 3123 1034 3204 Petrus-meritorie
1070 3121 1191 3186 dederit

204 3228 414 3293 elemosinam
436 3242 478 3308 et,
501 3241 624 3291 servato
641 3227 765 3309 merito,
785 3227 1033 3312 superaddiderit
1049 3247 1188 3312 quomo·

203 3333 325 3396 dolibet
356 3332 565 3396 elemosinam
593 3331 792 3416 ampliorem,
814 3333 892 3418 quin
916 3333 1017 3396 eciam
1038 3344 1190 3397 cresceret

202 3438 353 3501 meritum
374 3431 599 3522 aggregatum?

163 3554 192 3609 Η
246 3542 307 3605 liic
330 3541 444 3606 dicitur
465 3541 670 3605 concedendo
693 3539 831 3624 primam
859 3540 1110 3605 conclusionem:
1149 3558 1188 3602 eo
1245 3567 1361 3613 ΑΜ,

202 3648 290 3731 quod
307 3646 444 3731 apostoli
462 3646 560 3711 etalii
577 3646 712 3711 cariores
732 3646 849 3711 Christi
865 3644 1010 3729 discipuli
1032 3645 1186 3707 dederunt
1198 3616 1310 3716 ilmh‘h‘i
1320 3616 1412 3767 {sii}

201 3751 312 3815 omnia
334 3772 391 3813 sua
414 3750 613 3834 temporalia,
637 3751 801 3835 sequendo
823 3750 987 3814 Christum
1003 3747 1035 3809 in
1051 3767 1186 3832 evange·
1240 3722 1362 3780 m*
1395 3736 1398 3741 ⁹

200 3854 261 3919 lica
284 3868 481 3939 paupertate,
512 3853 556 3918 ita
586 3855 674 3939 quod
698 3874 755 3917 nec
778 3853 869 3917 dacio
892 3872 949 3916 nec
971 3850 1116 3935 recepcio
1138 3864 1187 3915 est

238 4159 259 4193 a.
273 4148 306 4195 Bt
321 4147 444 4195 fratruum.
541 4158 570 4193 n.
583 4146 737 4203 Ainmargn
752 4142 887 4191 Conclusio.
986 4141 1015 4188 rb.
1031 4142 1187 4198 Alnmarm

199 4214 295 4265 Contra
314 4217 425 4265 Secunda
442 4215 559 4261 oblecelo.
663 4227 697 4272 ¹4·
713 4214 773 4261 Aia
792 4227 879 4272 marga
900 4212 995 4260 Nesciat
1013 4211 1107 4259 slnlstra
1128 4210 1188 4270 quid
1278 4224 1284 4245 ·

199 4286 270 4332 iaciat
283 4288 374 4334 dextra.
478 4282 516 4331 3ο.
529 4286 552 4330 Α
566 4283 590 4331 ln
605 4296 692 4342 marat
706 4283 843 4345 Responsio.
