3262 5226
367 479 437 527 etr.
453 457 508 552 ru]
624 532 629 544 ¹
753 477 801 530 oe
817 475 1001 532 emanue
1053 476 1057 484 ·
1111 516 1115 525 .

254 658 282 713 Ρ
297 649 476 726 irmaruem
503 637 581 719 rita,
617 634 673 699 ubi
696 653 770 699 vere
793 632 909 697 dicitur
937 631 1028 718 quod
1060 630 1216 717 quamdiu
1249 651 1362 697 sumus

368 744 402 808 in
436 742 499 808 hoc
540 741 675 822 mundo,
711 759 779 804 non
818 735 945 801 deficiet
981 735 1074 801 nobis
1105 756 1186 819 ruga
1221 735 1363 803 venialis.

338 849 410 921 alit
452 845 549 911 solvit
585 844 762 930 tripliciter:
806 842 914 929 primo
956 842 1047 927 quod
1084 839 1216 905 ecclesia
1259 860 1361 927 qunn·
1371 838 1567 938 affigas&

368 954 477 1037 doque
505 950 592 1035 large
622 948 779 1030 sumitur,
818 959 854 1012 ut
889 964 1030 1031 granum
1061 959 1093 1009 et
1121 945 1247 1030 paleam
1272 953 1589 1043 com-,mma

343 1072 357 1126 5
369 1058 534 1141 plectatur,
559 1067 595 1118 ut
616 1051 651 1115 in
672 1050 814 1134 nllegntis
841 1049 1003 1136 capitulis,
1034 1050 1231 1134 quandoque
1259 1049 1365 1115 stricte
1382 1043 1580 1156 ffllffifflffii

370 1181 429 1246 pro
451 1177 536 1244 puro
558 1176 668 1241 grano,
691 1170 727 1221 ut
741 1155 883 1238 xxxll·,
899 1176 932 1240 q.
956 1154 1025 1219 lv:
1045 1154 1221 1232 Recurrat,
1245 1155 1298 1219 ubi
1321 1155 1366 1220 sic
1450 1149 1507 1197 “ll

343 1272 346 1284 '
371 1262 515 1328 scribitur
546 1257 598 1348 (ut
627 1280 723 1345 supra
744 1259 860 1346 tetigi):
883 1255 1010 1343 Itaque,
1033 1258 1138 1344 inquit
1153 1258 1366 1343 Augustinus,

371 1370 439 1433 sire
459 1369 548 1432 intus
556 1364 687 1430 versari
695 1364 868 1431 rideantur
881 1366 952 1430 sire
961 1374 1074 1448 aperte
1081 1365 1179 1452 soris
1191 1364 1270 1444 sint,
1281 1363 1368 1449 quod

372 1491 451 1537 caro
473 1480 612 1536 estccro
633 1479 693 1545 est,
717 1468 803 1555 quod
819 1468 923 1554 palea
945 1471 1101 1554 estpalea
1115 1468 1367 1554 esnEtsemper
1474 1515 1478 1522 -

332 1609 362 1646 ιο
372 1577 412 1640 ab
430 1576 520 1642 illius
537 1574 672 1640 ecclesie
695 1594 757 1661 que
771 1577 843 1639 sirre
858 1576 991 1639 macula
1007 1587 1055 1640 est
1069 1577 1122 1640 rel
1136 1593 1223 1660 ruga
1245 1575 1369 1639 unitate

372 1682 511 1747 decisus.
545 1680 625 1745 Vult
646 1679 705 1744 iste
728 1694 856 1744 sanctus
879 1679 984 1744 dicere
1008 1677 1060 1769 (ut
1082 1694 1170 1766 patet
1196 1700 1235 1743 ex
1262 1677 1368 1767 dictis)

372 1787 462 1872 quod
484 1784 681 1870 impossibile
703 1798 752 1848 est
772 1785 949 1870 prescitum
972 1806 1040 1850 esse
1055 1785 1239 1850 membrum
1261 1799 1370 1849 sancte

373 1890 482 1955 matris
505 1887 637 1954 ecclesie
658 1890 708 1954 vel
741 1889 999 1976 predestinatum
1033 1912 1052 1954 a
1082 1889 1284 1955 maternitate
1313 1888 1369 1953 illa

372 1994 515 2078 deficere,
539 1995 836 2080 quomodocunque
863 1995 1044 2059 secundum
1070 2008 1253 2081 presentem
1278 1991 1369 2059 iusti·

341 2099 459 2168 bcium
467 2099 638 2163 varientur.
654 2099 799 2164 Secunda
808 2099 978 2185 responsio
990 2100 1079 2185 glose
1101 2114 1149 2165 est
1170 2100 1260 2185 quod
1281 2086 1594 2188 nliudffissgsslx

374 2219 419 2269 est
441 2224 521 2267 esse
544 2204 589 2268 de
612 2204 776 2268 ecclesia
791 2219 822 2270 et
843 2205 932 2269 nliud
954 2225 1037 2270 esse
1071 2205 1109 2269 in
1132 2204 1311 2286 ecclesia,
1334 2191 1595 2294 utb‘f‘u'ic‘m*

373 2322 460 2393 patet
495 2309 622 2391 xxllu,
659 2331 691 2395 q.
726 2311 784 2375 lV:
827 2310 920 2376 Varis
961 2314 1012 2376 ire
1049 2325 1081 2376 et
1102 2331 1198 2395 supra
1224 2309 1369 2395 exposui
1414 2390 1420 2402 ι

347 2413 488 2480 oTercin
509 2413 676 2497 responsio
698 2413 866 2498 distinguit
888 2416 929 2480 de
957 2414 1159 2502 quadruplici
1185 2413 1370 2479 habitudine

367 2518 489 2603 ,viantis
511 2519 553 2591 ad
575 2532 718 2582 sanctam
740 2534 878 2584 matrem
900 2520 1079 2589 ecclesiam.
1096 2519 1239 2598 Quidam
1261 2533 1370 2585 autem
1384 2521 1596 2625 {hllffibdgffeg

333 2638 451 2688 norunt
473 2624 506 2686 in
529 2622 660 2688 ecclesia
682 2623 813 2688 nomine
837 2638 868 2689 et
890 2645 923 2689 re
947 2639 985 2690 ut
1006 2623 1191 2690 obedientes
1213 2625 1370 2708 catholici,
1403 2627 1571 2679 necem.

329 2746 332 2754 ¹
383 2728 515 2815 quidam
537 2749 596 2793 nec
619 2749 652 2792 re
668 2749 725 2793 nec
741 2727 873 2793 nomine
896 2744 934 2795 ut
948 2729 1075 2815 pagani,
1092 2730 1226 2816 quidam
1239 2730 1371 2795 nomine

378 2848 505 2900 tantum
529 2848 565 2898 ut
588 2833 713 2918 presciti
735 2834 892 2920 ypocrite,
915 2848 947 2898 et
970 2835 1106 2920 quidam
1127 2855 1162 2900 re
1186 2834 1260 2900 licet
1282 2834 1371 2899 vide·

376 2954 470 3003 antur
493 2938 626 3002 nomine
649 2959 715 3002 csse
738 2937 815 3003 ioris
837 2952 874 3004 ut
896 2938 1113 3024 predestinati,
1140 2961 1224 3026 quos
1247 2953 1371 3025 satrape
1396 2952 1400 2960 '

375 3045 523 3108 videntur
549 3043 584 3106 in
616 3042 693 3107 iacie
720 3043 850 3108 ecclesie
877 3045 1125 3129 condempnare.
1154 3045 1236 3110 Ecce
1262 3045 1371 3109 decre·

334 3157 486 3212 istorum
516 3149 689 3214 concordia
718 3148 877 3213 sentencie
904 3149 1095 3234 supradicte.
1123 3149 1217 3216 Unde
1244 3149 1371 3215 videtur

377 3253 472 3317 nimis
494 3253 682 3338 blasphema
707 3254 823 3318 heresis
850 3275 971 3340 papam
997 3254 1048 3319 vel
1075 3254 1249 3340 collegium
1274 3275 1372 3320 suum

379 3359 503 3422 credere
536 3358 624 3444 quod
658 3357 692 3420 in
723 3373 881 3442 quantum
914 3358 1077 3445 eliguntur
1107 3360 1141 3423 in
1172 3359 1229 3423 illo
1259 3358 1368 3424 officio

378 3478 487 3529 tenent
508 3463 684 3549 primatum
707 3461 810 3526 tocius
833 3463 974 3529 ecclesie.
1008 3462 1145 3548 Oportet
1162 3463 1260 3528 enim
1281 3465 1372 3549 quod

377 3567 439 3633 sint
470 3567 527 3631 filii
561 3566 755 3632 imitacionis
775 3568 816 3632 ¹in
846 3568 994 3634 moribus
1029 3582 1201 3655 parentum
1231 3589 1372 3654 quorum

414 3788 434 3836 3.
443 3792 466 3836 A
479 3791 504 3836 in
518 3801 606 3847 murga
621 3787 718 3848 Triplex
731 3789 832 3836 solucio.
903 3790 925 3838 5.
939 3789 958 3836 Β
973 3790 998 3837 ln
1012 3803 1100 3848 marga
1116 3790 1163 3838 um
1175 3792 1241 3851 qnod
1255 3802 1310 3838 caro
1324 3800 1370 3852 est,

376 3863 438 3918 quod
453 3861 520 3917 pales
533 3868 577 3906 est.
631 3872 663 3914 ¹4·
677 3863 700 3906 A
714 3861 737 3907 in
752 3872 840 3918 marga
854 3860 961 3907 Ecclesia
973 3861 1063 3908 Christi
1077 3873 1174 3920 sponsa.
1188 3859 1258 3910 uera
1298 3861 1333 3909 16.
1348 3863 1372 3908 A

376 3930 400 3974 in
414 3942 501 3988 marne
515 3930 551 3977 De
564 3931 664 3976 ecelesia
677 3943 738 3989 case,
751 3931 777 3976 ln
791 3931 892 3976 ecclesia
906 3943 968 3988 erre,
982 3931 1039 3989 quid
1053 3939 1097 3977 est.
1205 3943 1238 3989 17.
1251 3933 1286 3978 At
1300 3929 1371 3979 Vult

376 3998 446 4047 enlm.
496 4011 533 4044 ao.
549 3999 580 4045 bs
594 4008 617 4046 et
629 4024 657 4035 -
669 4000 765 4047 nomine
778 4001 851 4046 deest.
897 3999 935 4048 26.
950 4002 974 4047 A
987 3999 1012 4046 ln
1025 4013 1113 4059 marga
1127 4000 1265 4049 Conclusio.
1278 4000 1373 4047 lileeeln

376 4080 437 4126 prpe
454 4070 491 4115 rel
519 4071 674 4116 cardinalium
698 4082 746 4117 non
765 4069 821 4116 iacit
839 4083 882 4118 eoa
904 4071 1034 4130 primttum
1054 4079 1135 4119 tenere
1158 4072 1182 4119 ln
1205 4070 1306 4118 eeclesia
1328 4070 1370 4117 aed

376 4137 480 4187 imitacio
496 4149 587 4187 uncta

419 4316 445 4372 6.
463 4318 524 4374 ibid
544 4320 648 4388 xxllll,
664 4325 692 4390 q.‘
710 4321 754 4387 lv,
772 4335 829 4390 esp.
848 4321 880 4374 ll.
977 4336 1018 4389 ¹7·
1035 4319 1111 4375 Decr.
1130 4337 1184 4377 sec.
1202 4337 1272 4392 pure,
1289 4336 1370 4395 causa

375 4406 465 4474 Xillll,
482 4423 509 4477 q.
528 4408 574 4473 lv,
592 4422 649 4477 cap.
666 4408 758 4461 xxm.
798 4479 801 4485 Ι
1061 4403 1064 4409 ’
