3262 5226
706 461 878 519 sonamus
894 462 1044 521 wrcen.
1210 440 1291 534 [cnr.
1308 456 1359 503 ιι

377 621 464 687 enim
491 623 579 708 quod
604 637 687 688 caste
715 620 850 687 filialiter
879 620 1007 685 timetur
1036 639 1183 705 sponsus,
1210 632 1470 705 operatur196·Q

377 726 492 790 mulier
519 727 657 811 predicta
687 740 794 792 totum
825 725 950 790 bonum
986 738 1146 791 narratum
1182 725 1359 789 secundum
1398 772 1405 785 ..

376 832 497 896 dictum
517 833 662 897 ordinem
681 853 802 917 sponso
822 850 892 912 suo,
916 844 948 896 et
969 845 1090 896 certum
1112 844 1159 895 est
1180 830 1267 915 quod
1289 828 1359 892 talis

274 1005 275 1008 Ἴ
375 936 461 1004 bona
483 937 629 1022 operacio
652 958 716 1002 non
737 949 845 1022 potest
866 934 1002 1000 finaliter
1021 955 1040 1000 t
1061 936 1154 1000 laude
1176 932 1316 998 deficere.
1381 1000 1384 1008 ,

370 1069 374 1074 ·
420 1042 512 1106 Unde
543 1041 617 1126 quia
649 1042 754 1106 talem·
776 1040 878 1108 vitam
912 1040 1104 1106 laboriosam
1143 1039 1384 1125 imperfectams

207 1154 281 1201 vem
295 1154 326 1201 ³1.
376 1159 504 1230 oportet
530 1145 644 1210 habere
675 1144 811 1212 finaliter
832 1145 1117 1231 complementum,
1150 1144 1223 1208 ideo
1244 1156 1390 1228 quartos

166 1207 352 1306 lllhlirihlbl'
376 1264 408 1314 et
433 1248 547 1314 ultimo
574 1249 619 1315 sic
651 1249 797 1315 infertur:
829 1251 915 1314 Date
940 1252 970 1315 ei
995 1251 1035 1316 de
1057 1250 1178 1336 fructu
1205 1267 1359 1313 manuum

157 1314 361 1415 rtilll'lt‘elvl'n.
375 1371 532 1420 suarum:
551 1365 582 1419 et
604 1354 736 1419 huden!
764 1374 838 1419 eam
864 1355 899 1418 in
920 1355 1030 1441 portis
1048 1374 1148 1439 opera
1170 1372 1241 1418 sua.
1276 1351 1361 1429 Quia

377 1479 543 1545 nunquam
558 1459 590 1523 iu
606 1478 699 1525 cursu
713 1459 763 1523 vie
783 1459 816 1523 in
831 1480 895 1544 qua
910 1458 1053 1545 oportuit
1074 1472 1206 1522 matrem
1221 1471 1360 1521 nostram

372 1564 417 1645 de
440 1577 533 1628 nocte
555 1584 753 1649 consurgere,
779 1585 925 1650 pannum
946 1578 1059 1647 texere,
1086 1577 1212 1648 egentes
1234 1582 1404 1647 pascerem

377 1680 409 1732 et
432 1682 533 1733 cetera
556 1689 653 1754 opera
674 1669 886 1733 misericordie
909 1670 1086 1735 secundum
1107 1666 1204 1732 vitam
1226 1667 1360 1731 activam

378 1772 538 1857 perficere,
561 1786 755 1859 non·potest
777 1795 845 1838 esse
868 1774 939 1838 talis
960 1772 1133 1839 successiva
1157 1771 1360 1837 continuacio

376 1877 409 1940 in
441 1892 595 1954 eternum,
632 1878 705 1942 ideo
741 1877 876 1964 precipit
910 1899 1047 1964 sponsus
1082 1899 1141 1963 pro
1173 1877 1223 1941 die
1259 1877 1361 1941 finalis

376 1981 483 2047 iudicii
497 1995 533 2046 ut
547 1980 601 2046 filii
617 1982 746 2047 ecclesie
766 1983 925 2068 reciproce
939 1984 1015 2047 dent
1030 1981 1088 2047 sibi
1103 1982 1136 2046 in
1146 1982 1251 2068 quiete
1260 1980 1281 2026 *
1290 2002 1359 2066 per·
1374 1993 1432 2066 ¹9⁶⁸

377 2100 474 2171 petua
488 2087 528 2150 de
542 2086 646 2152 fructu
663 2104 817 2173 operum;
839 2088 927 2174 quod
944 2103 990 2153 est
1006 2087 1166 2172 premium
1181 2086 1361 2164 beatificum
1373 2102 1403 2178 ,¹⁵

378 2191 574 2256 meritorum.
597 2193 681 2256 Nam
703 2193 791 2258 Luce
813 2193 882 2273 Vl⁰,
913 2191 952 2255 38
975 2192 1134 2258 scribitur:
1168 2194 1360 2258 Mensarum

376 2297 491 2360 bonam
515 2307 545 2361 et
559 2297 735 2382 comestam
755 2307 787 2362 et
807 2298 1001 2383 coagitatam
1026 2307 1057 2362 et
1079 2297 1360 2383 supereffluentem

377 2402 498 2465 dabunt
520 2403 553 2466 in
575 2402 681 2466 sinum
704 2413 857 2467 vestrum.
892 2402 980 2467 Beati
1013 2402 1098 2466 enim
1125 2402 1203 2466 dant
1224 2402 1385 2468 beatitu·t

377 2506 486 2568 dinem
500 2505 702 2570 esseucialem
723 2507 756 2570 in
773 2505 824 2570 via
840 2506 996 2572 iniciative
1019 2528 1056 2571 ex
1071 2507 1102 2569 vi
1120 2507 1360 2571 communionis

377 2610 536 2696 reciproce
545 2613 889 2696 promerendo,etdant
898 2612 1126 2677 beatitudinem
1135 2611 1360 2677 accidentalem
1370 2642 1402 2678 ιο

377 2714 532 2801 lupatria
564 2715 718 2781 obiective
749 2718 790 2780 de
823 2737 880 2781 sun
902 2699 1004 2801 gloria
1031 2718 1190 2803 reciproce
1221 2738 1360 2803 congau-

377 2822 492 2902 dendo,
529 2834 560 2885 et
595 2821 639 2885 sic
677 2821 811 2885 finaliter
846 2822 914 2886 laus
948 2821 1006 2886 erit
1042 2822 1210 2906 unicuique
1241 2843 1259 2885 a
1290 2825 1359 2886 Deo

377 2927 554 2990 secundum
572 2947 741 2990 numerum
756 2927 961 3008 moritorum3
976 2927 1260 3011 proportionaliter
1274 2928 1388 2994 enim2

377 3045 413 3094 ut
435 3031 664 3115 predestinatus
681 3052 717 3094 ex
734 3031 848 3093 maiori
868 3031 972 3115 gracia
994 3031 1066 3115 plus
1081 3029 1206 3115 proficit
1221 3031 1359 3114 ecclesie,

376 3136 503 3200 habebit
521 3136 552 3199 in
569 3137 668 3220 portis
684 3138 804 3200 nedum
825 3136 857 3198 in
878 3137 929 3200 die
950 3135 1056 3200 iudicii
1080 3137 1133 3199 sed
1151 3136 1210 3199 toti
1235 3138 1358 3200 mundo
1371 3153 1400 3205 ²5

378 3256 532 3325 perpetuo
555 3243 666 3326 patulo
682 3242 819 3327 gloriam
834 3242 1035 3327 ampliorem.
1059 3241 1147 3306 Sicut
1163 3241 1247 3304 enim
1263 3264 1359 3326 opera

377 3346 624 3429 dampnatorum
648 3361 738 3412 erunt
762 3347 867 3409 indie
891 3346 997 3410 iudicii
1021 3361 1051 3410 et
1074 3362 1149 3431 post
1170 3346 1283 3431 patulo
1299 3349 1359 3411 toti

377 3450 500 3513 mundo
516 3452 555 3513 ad
571 3453 618 3515 sui
636 3451 869 3531 confusionem,
893 3454 937 3515 sic
961 3473 1057 3535 opera
1079 3453 1246 3517 beatorum
1269 3469 1360 3518 erunt

376 3568 530 3637 perpetuo
554 3557 676 3619 mundo
703 3557 849 3639 patencia
872 3558 912 3620 nd
935 3556 984 3620 sui
1012 3556 1287 3640 glorificacionem.
1320 3561 1360 3624 Et

377 3673 463 3742 patet
476 3658 507 3722 in
524 3676 610 3743 parte
625 3662 784 3724 sentencia
798 3662 894 3726 huius
905 3661 1026 3725 Cantici
1043 3664 1233 3728 continentis
1249 3664 1359 3748 viginti
1371 3678 1403 3730 30

377 3765 455 3827 duas
497 3765 735 3849 proposiciones
774 3768 951 3831 secundum
993 3789 1164 3832 numerum
1200 3770 1360 3833 literarum

377 3869 533 3952 alphabeti
549 3871 673 3951 ebraici,
696 3871 787 3935 cuius
809 3871 932 3956 primus
948 3872 1085 3934 binarius
1101 3873 1151 3937 hic
1174 3872 1205 3935 in
1222 3888 1360 3959 quatuor

377 3988 423 4037 est
446 3973 573 4041 divisus.
611 3976 694 4040 lnter
715 3977 775 4040 alia
797 3976 1036 4040 interlocutoria
1063 3977 1178 4061 aspersi
1206 3980 1296 4062 quod
1327 3979 1359 4041 iu

375 4079 531 4179 preceptis
554 4081 671 4179 neutris
693 4080 860 4157 christiane
883 4079 956 4145 fidei
978 4080 1114 4164 legimus
1136 4081 1204 4170 tale
1258 4077 1261 4084 ’
1296 4096 1307 4173 ι’

416 4274 437 4307 2.
451 4266 590 4310 secuudum.
605 4266 630 4311 ln
642 4266 711 4312 codd.
721 4278 828 4313 sensum.
935 4268 968 4314 1⁶.
982 4269 1035 4314 Bia
1049 4280 1136 4324 meras
1150 4268 1212 4314 Note
1221 4268 1284 4325 quod
1299 4268 1360 4315 bem

378 4331 411 4383 (la
425 4333 490 4377 code
506 4335 573 4388 bene)
587 4334 643 4381 daut
656 4335 774 4394 duplicem
786 4336 964 4384 testitudinem.
1051 4337 1083 4383 23.
1098 4337 1189 4383 Codd.s
1204 4337 1358 4385 meritorium.

377 4398 410 4445 ³³.
424 4403 499 4458 ΑΑμ
514 4402 665 4451 lateralia-
681 4407 781 4463 legimus
795 4409 841 4453 tels
854 4408 928 4453 deest.
1032 4407 1068 4461 ³⁴·
1082 4407 1113 4453 Bt
1127 4409 1211 4465 lenies.
1236 4469 1240 4474 ·
1342 4466 1346 4473 Ι

816 4518 918 4528 ——n
