3262 5226
395 472 528 569 cem]
771 492 818 546 nn
837 489 1020 545 nccnwr.

284 677 310 732 n
325 670 386 743 ¹4⁵⁸
394 657 457 722 erit
478 657 511 720 in
533 663 692 731 eternum,
707 650 767 716 sed
779 647 956 716 dicendum
969 646 1044 735 suit
1051 645 1092 713 de
1106 667 1249 733 corpore
1264 646 1387 713 domini

394 781 473 828 vero
495 769 591 846 atque
606 759 788 844 permixto,
811 764 872 820 aut
894 772 973 819 vero
999 763 1095 838 atque
1117 752 1283 830 simulato,
1310 753 1386 839 qnia

396 886 459 931 non
481 864 585 930 solnm
608 865 642 927 in
663 871 825 943 eternum,
848 878 964 924 verrem
988 859 1093 923 eciam
1121 877 1210 922 nunc
1224 860 1386 942 ypocrita

394 990 459 1034 non
482 969 636 1034 comitto
666 987 737 1035 esse
768 965 901 1033 dicendi
926 973 1014 1029 sunt.
1043 963 1129 1028 Ecce
1158 984 1260 1050 quum
1292 965 1387 1050 piene

371 1076 453 1144 siste
475 1089 600 1140 sanctus
622 1072 739 1138 diffinit
760 1072 851 1158 quod
871 1068 998 1157 presciti
1020 1089 1087 1133 non
1111 1083 1187 1134 sunt
1207 1069 1248 1134 de
1270 1067 1387 1133 Christi

395 1179 534 1245 eeclesia„
559 1179 652 1244 Unde
674 1179 721 1242 De
742 1174 1008 1257 Consecrncione,
1033 1174 1066 1241 d
1090 1174 1142 1257 11¹,
1164 1173 1243 1238 Hoc
1273 1192 1386 1238 sacra·

395 1294 546 1366 mentum,
567 1282 644 1348 dicit
666 1302 770 1346 canon
791 1281 884 1367 quod
900 1299 968 1366 per
989 1278 1190 1345 ciiacionem
1212 1277 1387 1344 eucaristie

394 1390 576 1454 societatem
614 1388 685 1451 vnit
721 1387 865 1472 intelligi
902 1386 1054 1469 corporis
1088 1395 1120 1451 et
1166 1382 1386 1449 membrorum

395 1494 482 1580 qnod
503 1501 551 1557 est
571 1491 708 1556 ecetesia
735 1492 768 1555 in
802 1490 1049 1575 predestinatis.
1077 1490 1120 1555 Et
1134 1491 1182 1555 De
1196 1487 1387 1571 penitencie,

357 1600 427 1666 rod
450 1598 517 1680 ΙΨ,
541 1597 576 1660 Si
596 1616 640 1663 ex
662 1597 764 1676 bono,·
777 1610 809 1661 et
831 1616 907 1680 sepe
926 1594 1009 1660 inire
1029 1594 1164 1660 habetur
1177 1593 1269 1681 quod
1290 1613 1387 1658 nemo

397 1717 445 1768 est
466 1703 506 1767 de
528 1722 628 1787 regno
652 1700 770 1766 Christi
792 1701 885 1787 quod
907 1713 955 1766 est
970 1698 1112 1783 ecclesis,
1134 1698 1193 1763 nisi
1216 1717 1289 1763 vere
1303 1697 1388 1764 filius

397 1830 495 1896 quem
516 1820 605 1893 peter
620 1805 708 1871 dedit
723 1806 793 1873 sibi.
810 1806 858 1871 De
873 1826 941 1892 quo
963 1805 1040 1870 dicit
1052 1804 1124 1869 Joh.
1141 1805 1209 1886 1110,
1235 1804 1284 1887 16,
1299 1804 1387 1890 quod

397 1927 524 2000 oportet
546 1923 661 1977 utnon
678 1921 809 1998 pereat,
831 1912 891 1976 sed
911 1912 1030 1976 habent
1045 1911 1146 1976 vitam
1167 1919 1323 1976 eternam.
1345 1909 1388 1974 Et

397 2020 441 2084 sic
463 2017 556 2082 multi
578 2030 654 2081 sunt
681 2016 714 2080 in
742 2016 874 2081 ecclesie
900 2016 955 2102 qui
985 2029 1141 2080 vocentur
1173 2012 1231 2079 filii
1263 2033 1386 2079 nuncu·

358 2124 498 2209 rspntim
520 2121 576 2208 qui
599 2141 666 2185 non
689 2136 765 2187 sunt
785 2123 826 2187 de
849 2119 990 2186 ecclesie.

363 2239 389 2293 r
442 2226 636 2293 Conceditur
651 2247 728 2309 ergo
745 2226 833 2312 quod
849 2225 1017 2312 homoqui
1027 2239 1075 2291 est
1091 2224 1272 2290 humanum
1285 2245 1386 2313 genus
1397 2221 1614 2325 wig-w

398 2349 445 2398 est
475 2330 591 2416 partim
622 2331 776 2415 prescitus
804 2344 836 2396 et
858 2330 975 2416 partim
1007 2331 1250 2416 predestinatus,
1281 2344 1313 2395 et
1342 2328 1387 2395 sic

397 2453 540 2522 tempore
563 2456 623 2501 suo
646 2435 763 2519 partim
801 2436 942 2502 salvatus
974 2449 1006 2501 et
1036 2435 1153 2521 partim
1183 2437 1385 2520 dampnatus,

398 2543 453 2606 sed
475 2541 527 2604 ille
549 2560 616 2604 non
639 2554 687 2606 est
709 2540 850 2623 ecclesia,
866 2539 1125 2626 quamvis‘inciet
1140 2540 1299 2627 quidquid
1313 2539 1388 2605 fucit

357 2674 389 2710 ιο
399 2646 511 2732 uliquis
541 2645 661 2728 homo,
703 2645 779 2730 quie
810 2647 851 2710 nd
884 2645 1040 2710 unitatem
1079 2645 1250 2732 requiritur
1282 2645 1386 2711 unitus

399 2750 521 2835 capitis,
543 2751 596 2814 sed
622 2763 659 2814 ut
680 2749 757 2815 dicit
779 2750 947 2835 apostolus
969 2747 1012 2813 11·
1034 2748 1110 2815 Cor.
1133 2750 1203 2834 v10,
1230 2752 1280 2817 15.
1318 2750 1389 2829 Qus

399 2857 571 2921 contencio
586 2856 707 2920 Christi
721 2855 914 2920 adBeiia1?
928 2856 1004 2919 Non
1021 2874 1098 2940 ergo
1114 2869 1189 2920 sunt
1203 2855 1271 2921 duo
1285 2855 1389 2941 cupite

399 2981 436 3025 ex
459 2981 543 3046 equo
564 2960 614 3024 vel
638 2958 856 3043 subordinate,
889 2980 965 3024 cum
994 2960 1174 3024 secundum
1204 2961 1388 3046 apostolum

398 3085 460 3150 que
481 3085 502 3129 a
525 3065 595 3129 Deo
609 3073 687 3129 sunt
707 3064 874 3147 ordinata,
896 3074 984 3129 sunt.
1000 3065 1042 3130 Et
1063 3064 1109 3129 sic
1131 3064 1233 3130 homo
1255 3064 1387 3130 humani

358 3179 388 3231 25
398 3171 520 3255 generis
542 3184 588 3235 est
610 3190 727 3253 corpus
750 3170 894 3234 naturale
926 3170 982 3234 sed
1014 3190 1079 3234 non
1113 3190 1230 3256 corpus
1261 3169 1389 3236 ecclesie

399 3289 529 3360 propter
550 3273 765 3338 diversitatem
800 3272 1029 3340 contrarietatis
1061 3274 1204 3360 cupitum
1236 3287 1268 3339 et
1298 3275 1388 3362 equi·

399 3380 606 3445 vocationem
643 3377 857 3444 ordinacionis
895 3379 1002 3444 divine
1038 3380 1080 3443 nd
1116 3379 1253 3466 glorium
1284 3393 1316 3445 et
1346 3381 1388 3444 nd

399 3505 526 3570 penam.
723 3501 727 3511 ’
1200 3504 1235 3516 ·“

443 3591 485 3654 Et
507 3603 593 3674 putet
614 3589 693 3674 quid
717 3589 849 3653 concedi
866 3589 980 3655 debeat
1002 3589 1128 3675 etquid
1151 3590 1259 3676 negari
1281 3592 1314 3655 in
1330 3591 1388 3657 istu
1407 3597 1604 3700 mmm

358 3699 390 3753 30
400 3694 539 3760 muteris.
561 3696 646 3759 Nam
659 3694 790 3757 concedi
807 3695 1001 3780 debetquod
1009 3695 1111 3760 homo
1121 3697 1245 3783 generis
1255 3696 1387 3762 humani
1397 3702 1612 3766 stiram-dou,

399 3800 472 3865 iacit
498 3789 656 3888 quidq'uid
686 3798 794 3885 aliqua
825 3799 895 3865 eius
924 3821 998 3887 pars
1033 3799 1117 3887 tacit,
1149 3816 1181 3868 et
1211 3802 1308 3868 simui
1339 3815 1387 3869 est

437 4008 460 4055 ⁶.
486 4009 509 4053 Α
522 4007 546 4053 in
561 4018 648 4064 nitens
675 4004 772 4051 Presciti
786 4017 835 4051 non
849 4013 905 4053 sunt
919 4006 950 4052 de
964 4004 1054 4053 Christi
1072 4006 1182 4055 eccietie.
1303 4020 1338 4055 re.
1352 4008 1379 4056 in

398 4077 480 4125 cedde
494 4090 540 4137 que
553 4076 751 4124 communicatio.
766 4073 865 4123 conexi
878 4089 893 4123 e
905 4077 927 4123 11
941 4075 999 4124 Cor.
1012 4074 1054 4138 Vi,
1068 4076 1100 4124 15.

443 4254 469 4308 6.
489 4210 589 4309 becreti
604 4256 648 4308 111.
659 4269 729 4325 pers,
748 4255 788 4307 De
798 4253 1005 4308 consecratione
1015 4241 1118 4322 disin,
1128 4271 1185 4329 cup.
1198 4258 1293 4312 Lxlliz
1310 4257 1390 4326 Hune

397 4341 485 4395 eibum
496 4353 523 4395 et
535 4355 627 4411 potum
645 4340 799 4394 societatem
816 4343 877 4394 uult
899 4341 1018 4410 intelligi.
1083 4358 1123 4397 to.
1146 4344 1251 4398 Decreti
1273 4345 1384 4415 1me.

397 4443 476 4482 coust
493 4429 604 4495 xxxin,
622 4438 709 4498 quest.
718 4429 767 4497 111,Ι
780 4428 839 4482 dist.
850 4429 896 4494 iv,
905 4442 963 4498 cup.
972 4430 1039 4483 11111.
1082 4488 1086 4493 ,
1129 4446 1170 4498 ²4·
1188 4432 1267 4485 Rom.
1284 4431 1387 4498 111111.
