3262 5226
387 327 546 421 cst-un]
772 346 1019 402 onncctnstu

283 519 310 576 0
327 519 386 572 152·
395 505 551 580 celestem,
575 514 610 568 ut
630 504 814 588 quicunque
836 503 1001 567 desiderat
1015 501 1196 585 primatum
1222 502 1385 580 celestem,

393 621 550 694 sequatur
570 608 621 671 ltic
642 609 857 672 humilitatem
882 608 1030 672 celestem
1035 621 1049 683 ,·
1071 606 1253 691 quicunque
1277 617 1384 671 autent

394 713 582 777 desiderant
595 714 777 796 primatum
801 717 834 777 in
857 722 951 776 terra
974 713 1140 777 invenient
1159 710 1384 798 confusionem

394 820 428 882 iu
444 819 523 883 ceto.
543 815 646 903 Ergo,
670 816 784 902 inquit,
807 819 873 882 iaus
889 837 957 882 uou
977 816 1022 882 sit
1036 817 1247 881 intersertos
1261 816 1388 881 Citristi

371 924 433 987 sde
444 925 592 1007 primatu
607 935 787 1000 certamen,
803 942 864 988 uec
875 920 1016 1008 festinet
1032 922 1251 1005 unusquisque
1270 941 1385 987 eorum

395 1028 554 1113 quomodo
574 1029 642 1092 aiio
665 1029 774 1091 maior
794 1039 965 1112 appareat,
981 1028 1041 1092 scd
1062 1027 1221 1112 quoutodo
1236 1029 1386 1091 omuibus
1439 1035 1443 1042 '

394 1134 533 1220 inferior
557 1132 718 1198 uideatur.
739 1132 778 1195 Et
802 1133 861 1196 ists
875 1130 1021 1196 doctrina
1040 1118 1197 1196 sufficeret
1211 1131 1271 1195 toti
1286 1132 1385 1196 eccle-

395 1239 439 1302 sie
470 1240 511 1302 ud
545 1238 739 1303 eleccionem
770 1236 925 1322 privilegii
955 1237 1006 1300 nel
1040 1235 1207 1321 primatus,
1245 1257 1302 1301 nec
1339 1249 1387 1302 est

394 1344 542 1428 possibile
564 1343 653 1428 quod
675 1362 746 1406 vere
769 1341 951 1426 pacificetur
973 1341 1114 1423 ecclesis,
1134 1356 1305 1427 antequem
1327 1341 1387 1407 ists

355 1449 501 1534 toregula
523 1447 658 1532 practice
679 1447 720 1511 sit
742 1447 863 1512 edocte.

358 1559 386 1614 P
439 1553 516 1618 Ex
508 1552 575 1617 istis
597 1551 722 1616 elicitur
743 1553 831 1636 quod
854 1552 982 1615 nullum
997 1566 1045 1615 est
1059 1571 1170 1615 verum
1186 1551 1386 1637 privilegium
1396 1574 1611 1623 memorasse

395 1656 534 1737 ecclesie,
558 1655 614 1721 nisi
638 1656 680 1720 de
702 1670 824 1741 quanto
848 1656 1009 1738 fundatur,
1033 1657 1165 1720 docetur
1187 1657 1236 1720 vel
1264 1636 1494 1738 εῐίεἰῐιιτῖἷμή
1497 1643 1512 1674 ‘
1535 1630 1613 1730 Ἢ

397 1761 619 1847 exscriptum
650 1760 787 1825 Putet
763 1775 821 1825 stc:
845 1759 963 1825 Omnis
985 1762 1035 1825 les
1058 1760 1142 1825 utilis
1164 1774 1272 1826 sancte
1294 1761 1386 1826 metri
1411 1682 1613 1845 ‘'s‘ssissmf:

397 1866 525 1932 ecclesie
556 1867 690 1930 docetur
720 1865 864 1950 explicite
895 1866 946 1929 rel
978 1865 1172 1951 implicite
1163 1888 1196 1930 m
1222 1866 1387 1952 scripture,

327 1975 387 2031 152⁴
395 1992 493 2035 omne
515 1970 719 2055 privilegium
734 1984 781 2034 est
796 1969 983 2034 huiusmodi
1005 1993 1042 2036 ex
1062 1970 1168 2038 dictis:
1183 1971 1203 2010 ³
1217 1984 1293 2057 ergo
1307 1992 1386 2036 con·

395 2076 505 2141 clusio.
530 2074 746 2140 confirmatur
767 2095 804 2138 ex
827 2095 901 2160 sepe
922 2075 1030 2141 dictis:
1065 2074 1182 2140 Omnis
1203 2075 1317 2143 veritas
1339 2090 1389 2141 est

395 2182 427 2244 in
451 2180 603 2265 scriptura
627 2200 725 2260 sacru,
756 2200 855 2244 omne
875 2180 1079 2266 privilegium
1101 2194 1148 2246 est
1173 2180 1286 2246 vesitus
1312 2181 1389 2268 quis

395 2288 454 2367 lex,
477 2306 553 2371 ergo
569 2284 743 2349 conclusio.
766 2285 858 2350 Unde
873 2286 1084 2370 Augustinus,
1109 2286 1153 2350 ll⁰
1168 2286 1216 2350 De
1236 2285 1387 2351 Doctrina

396 2390 582 2471 Christiane,
605 2390 638 2453 in
661 2388 740 2454 fine:
767 2389 928 2475 Quicquid
949 2391 1045 2456 lsomo
1067 2401 1164 2455 extra
1185 2393 1386 2476 scripturam

354 2516 524 2559 sosacraus
556 2496 718 2572 didicerit,
750 2497 781 2560 si
810 2497 946 2560 noxium
979 2507 1027 2562 est
1050 2497 1094 2561 ilri
1115 2496 1325 2580 dampnatur,
1356 2496 1388 2561 si

395 2602 473 2665 utile
495 2611 543 2666 est
564 2602 608 2664 ibi
630 2602 812 2677 investitum
842 2614 873 2665 et
904 2601 992 2664 idem
1011 2600 1087 2666 dicit
1109 2601 1242 2686 epistola
1272 2615 1386 2688 queste

396 2707 436 2769 ad
469 2705 683 2770 Volusianum
713 2701 765 2792 (ut
794 2704 868 2770 alibi
902 2705 1016 2769 diffuse
1048 2704 1203 2794 exposui).
1236 2704 1388 2791 Sequitur

397 2833 484 2894 ergo,
518 2811 544 2875 si
567 2810 638 2896 quis
661 2810 819 2896 quidquid
842 2811 918 2875 utile
941 2826 1028 2876 extre
1050 2798 1237 2897 scripturam
1265 2832 1389 2876 sacrem

397 2915 550 2997 didicerit,
580 2915 623 2978 ibi
656 2914 826 2996 invenitur,
849 2935 947 2979 omne
971 2915 1172 3001 privilegium
1198 2937 1388 2982 concessum

356 3021 429 3085 asin
462 3021 553 3086 cartis
584 3019 634 3084 vel
664 3018 759 3082 bullis
790 3033 837 3083 est
868 3020 1026 3105 quiddam
1056 3020 1132 3085 utile
1162 3019 1214 3108 (ut
1241 3034 1328 3107 putet
1350 3042 1388 3086 ex

398 3123 618 3211 diffinitione),
653 3145 729 3210 ergo
761 3145 858 3188 omne
889 3124 1093 3210 privilegium
1124 3126 1253 3192 ecclesie
1279 3140 1326 3192 est
1353 3127 1388 3192 in

398 3231 550 3316 scriptum
578 3247 679 3312 sacru3
711 3229 784 3293 ideo
806 3249 882 3294 cum
904 3229 958 3294 illu
980 3231 1021 3297 sit
1044 3231 1171 3297 maioris
1183 3231 1389 3319 guetodtetis

399 3348 430 3398 et
461 3332 657 3418 acceptionis
688 3355 786 3419 quum
818 3335 904 3399 bulle
937 3336 987 3400 vel
1011 3351 1093 3401 curte
1128 3337 1177 3418 (ut
1200 3338 1262 3402 dixi
1285 3335 1389 3424 nlius),

401 3439 451 3501 ille
474 3451 510 3502 ut
533 3438 709 3523 plurimum
732 3439 763 3502 in
787 3441 871 3503 clero
894 3440 1105 3524 superfluunt.
1125 3442 1209 3506 Num
1224 3441 1285 3507 illis
1300 3442 1388 3507 sbls·
1474 3462 1477 3468 ·

357 3551 389 3604 30
399 3542 438 3607 tis
469 3543 653 3607 inniteretur
683 3545 899 3629 privilegiatus
930 3545 1106 3610 ministerio
1140 3546 1268 3612 ecclesie
1300 3548 1388 3632 quod

399 3661 447 3711 est
478 3669 535 3734 per
565 3670 598 3713 se
632 3669 727 3713 cuuss
758 3650 923 3736 privilegii,
946 3664 978 3715 et
1000 3671 1066 3714 non
1089 3651 1132 3715 sic
1155 3651 1327 3717 confideret
1354 3651 1389 3716 in
1451 3700 1455 3706 -

436 3869 460 3909 4.
479 3855 572 3901 Binter
585 3856 659 3902 deest.
766 3857 796 3904 t&
817 3856 839 3901 Α
853 3855 876 3900 in
892 3867 979 3911 mnrgu
1003 3853 1223 3914 lionorscriptnre,
1241 3855 1296 3915 quis
1308 3855 1388 3902 omnis

399 3927 484 3971 vetites
507 3927 531 3972 in
554 3938 582 3971 es
604 3927 747 3972 continetur
860 3925 892 3972 16
920 3927 943 3971 Α
963 3924 987 3970 ln
1010 3937 1098 3980 mrrps
1120 3925 1229 3972 Secunde
1255 3927 1389 3973 conclusio.

399 3994 431 4040 18.
445 3996 504 4041 Ain
521 4009 607 4052 mnrpu
621 3996 777 4053 Augustinus.
870 3995 950 4042 ullis
964 3997 984 4041 sl
998 3997 1052 4053 quis
1066 4003 1109 4050 est
1122 4009 1176 4054 qius
1189 4004 1233 4056 est
1252 3997 1308 4055 quid
1322 3998 1387 4044 tutte.

398 4066 479 4111 28.=8
496 4066 683 4124 recepticionis·
704 4070 727 4112 Α
740 4067 764 4112 tn
783 4077 870 4123 marga
889 4064 1057 4112 Correlsrium.
1307 4087 1311 4093 ·

445 4192 484 4246 ¹8.
501 4209 557 4262 esp.
576 4193 655 4245 xttt.
674 4191 746 4262 Opp.
762 4193 804 4257 ill,
830 4209 852 4258 t,
875 4209 919 4259 44.
938 4192 1086 4260 Epistotsm
1108 4192 1141 4244 sd
1161 4193 1221 4245 Vol.
1243 4193 1297 4244 sid.
1315 4193 1387 4263 Opp.

398 4283 428 4343 11.
448 4281 508 4352 395.
