3262 5226
276 450 338 550 1¹58
462 452 468 461 '
805 459 975 515 tonsurus
992 459 1139 513 wrcen.
1315 435 1399 530 [car.
1413 451 1477 500 vru·

285 632 365 680 rane
383 639 466 730 posn-
490 618 559 701 ista,
582 616 687 703 primo
709 620 923 704 supponendo
946 617 1004 683 tria
1026 637 1081 701 per
1102 616 1260 680 ordinem
1283 615 1435 696 Primo,
1426 635 1476 677 rn·
1463 630 1545 684 ·ta

270 683 468 838 ηιῗιΞΞιΞιῖοιιιιι
490 744 600 808 quarn,
630 743 669 786 ex
690 722 878 807 supradictis
909 734 1108 805 supponatur
1141 720 1285 805 predicta
1316 718 1477 784 sentencia
1491 736 1553 788 150·

271 840 482 902 mayexprnaea.
492 828 530 891 de
561 826 714 913 quiditate
747 839 855 889 sancte
886 825 996 890 matris
1018 808 1154 907 ecclesie,
1182 845 1241 888 nec
1264 838 1313 888 est
1336 823 1390 887 illa
1411 823 1477 886 abi-

491 931 602 996 cienda
623 951 642 994 a
664 928 779 995 Christi
798 929 939 1012 ecclesia,
957 950 1033 994 cum
1054 950 1110 992 nec
1134 927 1291 1013 contingit
1313 927 1478 991 ecclesiam

491 1034 681 1119 speculative
696 1055 754 1098 nec
768 1035 904 1118 practice
920 1033 1089 1119 quicquam
1105 1053 1298 1120 cognoscere
1314 1053 1372 1097 nec
1384 1032 1504 1101 meri-5

491 1140 570 1204 torie
603 1138 707 1203 debite
738 1139 926 1221 conversari,
958 1138 984 1203 si
1015 1139 1053 1202 sit
1084 1139 1218 1205 omnino
1257 1137 1407 1202 destituta
1438 1137 1479 1200 ab

492 1243 559 1309 eius
592 1241 719 1308 noticia.
764 1245 849 1307 Nam
876 1244 963 1308 iuxta
991 1244 1072 1309 dicta
1100 1240 1167 1311 xv¹
1195 1264 1267 1328 cap.
1310 1243 1479 1327 theologus

494 1346 574 1412 foret
597 1346 691 1410 nimis
713 1346 830 1412 inscius
851 1347 1017 1413 racionunr
1043 1348 1194 1433 scripture
1216 1362 1248 1412 et
1276 1344 1348 1411 fidei
1372 1348 1485 1412 ortho··

492 1452 573 1516 doxe
603 1451 659 1537 qui
681 1453 815 1517 omnino
837 1452 996 1538 ignoraret
1021 1454 1208 1539 quiditatem
1236 1466 1345 1517 sancte
1367 1452 1478 1516 matris

492 1556 630 1621 ecclesie.
663 1558 728 1621 Nec
750 1556 863 1622 dubito
892 1558 970 1643 quin
994 1559 1079 1622 deest
1101 1556 1286 1638 decretistis,
1309 1555 1428 1640 legistis
1448 1568 1523 1625 etro

492 1658 692 1745 philosophis
715 1661 875 1726 fructuosa
897 1662 1074 1747 speculacio
1095 1662 1151 1748 qui
1174 1662 1312 1727 omnino
1331 1661 1480 1747 ignorant

492 1765 571 1849 quid
608 1764 647 1830 sit
686 1780 794 1831 sancta
830 1781 931 1831 mater
961 1766 1098 1832 ecclesia.
1129 1768 1213 1830 Nam
1246 1787 1360 1830 omnes
1393 1766 1478 1851 leges

493 1870 632 1934 humane
653 1884 728 1935 sunt
745 1868 881 1935 finaliter
895 1873 935 1935 ad
951 1870 1186 1935 defendendum
1201 1871 1362 1937 iusticiam
1385 1870 1480 1935 buius

493 1974 600 2037 matris
631 1988 663 2040 et
693 1975 896 2059 purgandum
922 1996 999 2055 =earn
1027 1976 1065 2040 ab
1096 1975 1253 2038 erroribus
1276 1974 1394 2060 quibus
1421 1995 1480 2058 pro

494 2092 636 2163 tempore
662 2078 711 2142 vie
741 2079 995 2165 temptacionum
1018 2078 1253 2144 adversitatibus
1289 2078 1479 2162 implicatur.
1493 2093 1524 2148 ι5

494 2182 578 2247 Cum
609 2204 684 2268 ergo
715 2183 786 2248 finis
812 2183 940 2268 inponit
962 2185 1132 2249 maximam
1158 2184 1379 2249 necessitatem
1402 2204 1480 2267 ope·

494 2287 588 2369 ribus,
611 2307 647 2350 ex
670 2288 713 2351 ll⁰
728 2288 928 2353 Phisicorum
951 2289 1153 2354 manifestum
1181 2290 1333 2374 estquod
1354 2301 1482 2372 oportet

495 2412 607 2456 omnes
629 2393 774 2457 domares
796 2393 1007 2478 speculativos
1023 2408 1155 2458 statuere
1176 2409 1313 2458 matrem
1338 2405 1480 2455 nostram

494 2511 529 2561 ut
537 2498 678 2582 regulam
688 2498 727 2561 ad
742 2511 911 2562 tractatum
921 2498 1161 2583 speculabilium
1172 2498 1437 2579 mensurandum,
1449 2511 1480 2561 et

494 2602 648 2687 peridem
664 2601 905 2667 nemointendit
919 2624 1005 2688 praxr
999 2601 1227 2683 laudabili,
1197 2602 1257 2665 nasi
1273 2602 1306 2665 in
1322 2615 1481 2687 quantum
1491 2632 1525 2670 ιο

495 2709 634 2773 tenderet
648 2709 688 2771 ad
702 2707 859 2772 honorem
879 2709 929 2772 vel
945 2709 1153 2772 commodum
1169 2708 1264 2772 huius
1280 2706 1406 2791 matris;
1421 2725 1480 2770 nec

495 2790 627 2877 dubium
649 2811 727 2898 quin
743 2832 840 2876 nemo
854 2811 919 2877 viat
936 2812 1093 2877 meritorie
1109 2814 1286 2877 secundum
1303 2810 1480 2895 beneplaci-

495 2932 566 2984 tum
580 2938 689 3003 sponsa
679 2916 886 3000 ecclesie,
855 2938 915 2981 nrsr
907 2917 967 2981 de
978 2931 1097 3002 quanto
1113 2931 1261 3003 operatur
1270 2919 1312 2981 ad
1323 2917 1482 2981 honorem

496 3038 527 3087 et
542 3024 752 3088 commodum
766 3042 883 3106 sponse
899 3043 964 3086 sue.
989 3023 1031 3087 Et
1044 3022 1115 3087 hinc
1131 3022 1306 3107 precipitur
1320 3022 1353 3085 in
1376 3021 1482 3106 primo

496 3129 647 3192 mandato
668 3128 804 3192 secunde
832 3127 939 3190 tabule
966 3128 1053 3211 quod
1076 3126 1176 3192 fidelis
1198 3127 1336 3191 honoret
1358 3140 1535 3212 patremas'

497 3247 528 3297 et
550 3248 693 3316 matrem,
719 3232 805 3317 quod
829 3230 959 3295 indubie
982 3231 1193 3317 principaliter
1224 3231 1412 3316 intelligitur
1444 3232 1483 3296 de

497 3337 624 3403 Christo
636 3351 667 3402 et
678 3357 735 3400 sua
751 3336 890 3402 ecclesia.
909 3337 974 3400 Nec
989 3335 1123 3400 honorat
1139 3357 1210 3400 eam
1224 3337 1276 3398 vel
1291 3334 1394 3420 diligit
1405 3333 1483 3398 fide·

497 3442 566 3507 liter
581 3463 677 3528 quam
693 3462 758 3505 non
774 3439 886 3504 noscit.
903 3440 977 3504 ldeo
994 3461 1117 3504 necesse
1135 3455 1191 3523 est,
1208 3454 1243 3504 ut
1258 3440 1366 3503 omnis
1383 3438 1484 3502 fidelis

499 3548 551 3612 det
572 3567 702 3632 operam
724 3547 764 3609 ad
779 3546 1041 3629 cognoscendum
1056 3545 1205 3608 directius
1221 3560 1358 3609 matrem
1380 3564 1482 3607 suam.

281 3668 380 3718 arna
394 3682 430 3714 ve
448 3669 489 3713 aa
511 3650 688 3714 Secundo
712 3649 905 3734 supponitur
928 3649 1017 3735 quod
1039 3649 1257 3734 procedatur
1248 3671 1283 3713 ιιι
1310 3649 1374 3714 isto
1402 3663 1481 3713 trac·
1492 3663 1513 3717 ιι

299 3721 476 3820 jnrehppdtaue
499 3768 566 3820 tatu
589 3755 657 3819 sine
688 3755 872 3840 duplicitate
904 3754 1069 3818 mendacii.
1102 3755 1186 3818 Nam
1208 3754 1414 3819 mendacium
1437 3768 1485 3819 est

499 3858 620 3943 precisa
641 3861 761 3924 cautela
783 3881 840 3945 per
862 3880 961 3946 quam
984 3860 1127 3923 diabolus
1149 3858 1253 3923 illudit
1276 3858 1434 3941 fidelibus,
1449 3874 1486 3925 ut

539 4058 555 4092 r.
570 4046 587 4091 ll
602 4045 625 4091 ln
639 4058 713 4104 marg.
728 4058 791 4092 rnen.
806 4046 860 4092 ι1ι.ι
874 4045 1010 4092 Posterlora
1023 4046 1087 4104 prius
1100 4047 1163 4094 dlclt.
1176 4047 1200 4092 Α
1213 4045 1237 4091 ln
1247 4057 1338 4102 marga
1351 4045 1413 4092 'l'res
1427 4057 1485 4103 rap·

500 4116 637 4174 positiones.
652 4116 740 4170 (below
754 4115 801 4162 rio·
818 4115 918 4162 without
932 4116 999 4162 mark
1012 4115 1040 4162 ol
1051 4117 1184 4174 reference.)
1278 4126 1309 4164 ra.
1321 4116 1344 4161 Α
1357 4115 1382 4161 la
1396 4125 1484 4171 merga

500 4184 581 4231 Raetos
596 4183 733 4232 Necessarlr
743 4193 778 4231 est
788 4184 877 4231 notlclt
887 4185 916 4231 de
926 4193 1008 4232 sanem
1017 4196 1090 4234 taetre
1102 4186 1209 4234 eeclesia.
1415 4200 1419 4207 ’

549 4309 588 4364 ι6.
606 4311 647 4364 Cl.
664 4314 744 4365 Arist.
775 4309 897 4384 Φυσικῆς
921 4308 1073 4387 ἂιροᾶσιως
1096 4316 1124 4367 Β.
1143 4327 1167 4365 ι.
1199 4311 1270 4382 Opp.
1294 4321 1359 4364 tona.
1381 4310 1402 4377 l,
1430 4326 1487 4381 ¹9⁴*

504 4400 623 4472 25.-.29
641 4400 681 4452 ct.
702 4416 781 4470 cupra
798 4416 898 4471 paga.
