3262 5226
414 614 484 663 cnr.
498 597 551 692 xc]
791 622 836 674 nu
854 620 1034 677 aceruus.

305 780 517 862 ammodo
547 794 594 843 est
623 779 672 842 lex
700 778 964 843 communissima
995 781 1085 864 quod
1107 782 1193 845 Deus
1225 796 1273 845 est
1305 802 1405 867 super

417 883 525 947 omnir
556 885 763 969 appetendus,
801 904 875 949 cum
908 885 1028 948 nedum
1060 905 1192 950 omnem
1223 899 1402 952 creaturum

417 987 604 1053 rationalem
635 988 690 1051 sed
721 1008 851 1052 ornnem
874 1002 1012 1052 creatam
1034 989 1249 1055 substanciam
1274 1012 1404 1075 semper

417 1093 545 1177 obligat.
568 1094 649 1158 Nam
665 1093 751 1157 Deus
773 1107 820 1159 est
842 1094 967 1156 bonum
989 1095 1080 1179 quod
1101 1094 1212 1160 omnia
1232 1110 1401 1181 appetunt,

393 1211 448 1265 set
481 1198 525 1261 sic
556 1197 664 1261 omnin
685 1197 746 1261 alia
769 1198 918 1262 mandata
939 1196 1083 1283 decalogi
1106 1213 1181 1265 sunt
1203 1200 1287 1285 leger
1308 1221 1400 1265 com·
1482 1242 1485 1251 ·

417 1322 532 1367 munes
573 1300 736 1383 obiectire,
778 1323 852 1367 cum
889 1302 1066 1368 necessario
1102 1323 1217 1370 omnes
1252 1304 1403 1370 homines

417 1406 569 1491 obligant.
592 1406 692 1489 Leges
721 1421 828 1471 autem
862 1428 1054 1472 communes
1085 1408 1303 1493 predicacione
1323 1426 1402 1477 sunt

418 1510 536 1595 species
558 1509 607 1574 vel
627 1530 741 1595 genera
763 1511 871 1597 legum
892 1531 956 1597 que
978 1510 1010 1575 in
1033 1511 1101 1577 suis
1126 1512 1296 1579 individuis
1325 1529 1402 1581 sunt

418 1615 558 1698 fundata,
590 1630 626 1680 ut
657 1614 806 1680 clericum
833 1635 941 1679 curare
964 1617 1005 1680 de
1036 1636 1093 1681 sua
1119 1616 1204 1683 lama
1226 1632 1258 1684 et
1283 1640 1401 1704 genere

350 1732 407 1787 ιω·
418 1720 544 1801 similia,
575 1719 640 1784 sive
670 1733 798 1804 accepta
828 1739 888 1804 pro
910 1721 1019 1805 legum
1045 1720 1239 1805 privatarum
1253 1723 1275 1770 *
1288 1724 1398 1789 multi·

420 1825 539 1907 tudine,
562 1824 626 1889 sive
640 1845 699 1908 pro
720 1824 948 1889 universalibus
971 1824 1155 1909 quiditative
1178 1827 1399 1912 predicatisde

418 1951 475 1994 sus
498 1929 609 2014 specie.
633 1932 674 1993 Et
696 1928 740 1994 sic
762 1929 820 1994 iste
842 1929 905 1992 due
928 1928 1084 1993 maneries
1105 1931 1214 2016 legum
1236 1953 1302 1996 non
1324 1949 1401 1999 sunt

418 2035 571 2098 contrarie
594 2033 626 2097 in
648 2053 709 2097 suo
731 2033 877 2118 analogo,
901 2053 977 2097 cum
999 2054 1103 2097 canon
1125 2035 1273 2102 describit
1294 2038 1401 2122 legem
1466 2055 1474 2067 “

418 2139 577 2225 publicam
592 2158 654 2223 que
668 2158 687 2200 a
702 2138 815 2202 sanctis
836 2138 977 2222 patribus
997 2137 1120 2223 scriptis
1134 2154 1182 2203 est
1196 2139 1400 2225 confirmata3

379 2245 506 2331 15quod
529 2258 643 2307 notum
671 2257 719 2306 est
747 2255 927 2326 competere
953 2241 1083 2308 cuilibet
1114 2266 1191 2309 rero
1224 2245 1400 2333 privilegio,

418 2352 499 2415 sicut
526 2364 557 2413 et
583 2346 754 2431 descripcio
780 2346 934 2431 privilegii
958 2348 1111 2432 competit
1137 2349 1200 2434 legi
1223 2352 1397 2415 communi.

420 2457 512 2520 Unde
534 2455 586 2517 illa
608 2455 657 2516 lex
679 2472 741 2536 que
764 2464 810 2515 est
831 2452 1015 2516 communis
1037 2451 1157 2536 private
1171 2454 1252 2538 parti
1271 2455 1399 2520 ecclesie
1415 2473 1437 2519 Α
1453 2473 1504 2519 ιιι
1518 2476 1616 2533 mys·

419 2575 466 2624 est
487 2559 684 2644 privilegium
717 2555 860 2641 respectu
893 2556 943 2620 sui
974 2558 1090 2640 tocius,
1122 2572 1157 2622 ut
1187 2559 1237 2623 lex
1263 2580 1325 2645 que
1351 2535 1621 2641 estfflf‘y’ic'n‘iit'

419 2665 599 2730 communis
618 2663 749 2747 singulis
771 2662 914 2745 personis
937 2661 1001 2726 dati
1024 2662 1206 2726 monasterii
1223 2630 1621 2730 monacho-''lilii'v'i'ffi

377 2791 409 2827 ιο
420 2792 491 2836 rum
506 2786 553 2834 est
571 2768 770 2853 privilegium
792 2766 849 2831 toti
871 2766 994 2849 domui,
1016 2781 1048 2831 et
1070 2767 1196 2832 dotacio
1218 2767 1252 2831 in
1274 2783 1400 2855 tempo·

420 2876 546 2957 ralibus,
577 2874 602 2937 si
630 2888 676 2936 est
698 2873 747 2935 lex
769 2871 952 2936 communis
974 2870 1033 2936 toti
1057 2870 1140 2936 clero
1163 2873 1400 2958 possessionato

420 2996 450 3045 et
481 2979 612 3063 singulis
646 2976 787 3061 personis
818 2977 972 3056 eiusdem,
1003 2991 1080 3041 tunc
1116 2992 1164 3042 est
1200 2976 1400 3063 privilegium

420 3097 562 3169 respectu
594 3101 728 3166 persone
750 3080 823 3144 cleri
846 3083 965 3162 dotare,
989 3101 1028 3144 eo
1051 3082 1138 3165 quod
1161 3102 1296 3166 persone
1328 3082 1400 3147 cleri

421 3187 661 3273 exproprietarie
702 3186 818 3250 viventi
865 3206 931 3249 non
969 3187 1118 3252 convenit
1158 3187 1213 3252 sed
1255 3186 1401 3272 privatim

379 3299 555 3378 aspersone
577 3291 682 3377 priori.
721 3290 806 3355 Cum
828 3311 904 3375 ergo
927 3290 1013 3354 iuxta
1035 3292 1197 3355 decretum
1219 3292 1325 3355 omnis
1350 3292 1399 3356 lex

422 3400 541 3485 privata
572 3419 591 3461 a
623 3396 733 3480 spiritu
765 3408 874 3458 sancto
906 3394 1324 3477 inscribiturkmanilestum
1354 3410 1402 3461 est

421 3505 509 3590 quod
539 3502 642 3567 omnis
675 3503 725 3564 lex
756 3499 877 3583 privata
909 3519 1059 3563 concessa
1081 3515 1127 3565 est
1149 3521 1168 3564 a
1189 3500 1332 3585 principe
1361 3502 1402 3564 ad

422 3610 589 3673 utilitatem
620 3604 748 3669 ecclesie
775 3606 824 3666 vel
852 3623 997 3687 persone,
1021 3623 1060 3668 co
1083 3606 1171 3689 quod
1194 3625 1292 3689 opera
1313 3605 1402 3669 trini-

422 3714 493 3778 tatis
515 3726 589 3776 sunt
611 3709 744 3772 indivisa
759 3710 799 3771 ad
822 3723 917 3771 extra.
938 3708 1024 3772 Deus
1044 3724 1150 3773 autem
1172 3709 1271 3773 nescit
1289 3711 1403 3774 docere

400 3819 471 3881 lvel
487 3819 559 3879 dare
576 3815 632 3877 nisi
650 3814 747 3895 utilia,
764 3827 795 3877 et
810 3813 854 3877 sic
869 3813 976 3875 omnis
994 3814 1043 3875 lex
1059 3827 1159 3878 creata
1178 3812 1341 3879 individua
1355 3828 1403 3880 est

423 3921 630 4007 privilegium.
655 3922 696 3983 Et
717 3931 803 4003 patet
818 3920 985 4003 quomodo
1008 3919 1208 4003 loquendum
1231 3932 1278 3984 est
1299 3917 1402 4002 logice

423 4029 461 4090 de
477 4024 655 4111 privilegiis,
671 4025 792 4087 derecta
807 4022 1052 4108 equivocacione
1068 4022 1203 4105 termini,
1214 4037 1251 4087 ut
1265 4038 1401 4107 oportet.

344 4137 413 4192 122
466 4132 516 4195 Ad
540 4129 709 4193 secundam
730 4126 916 4192 instanciam
936 4141 1068 4209 negatur
1087 4140 1300 4213 assumptum,
1326 4149 1400 4194 cum

425 4236 571 4301 Christus
593 4234 678 4311 dedit
700 4232 827 4297 ecclesie
850 4232 967 4318 duplex
988 4252 1089 4316 genus
1111 4232 1276 4318 privilegii,
1294 4234 1403 4319 'quod-

462 4510 487 4549 ⁴·
508 4493 538 4540 B:
557 4492 732 4539 Densbonnrn.
836 4503 862 4551 pr
880 4492 902 4536 Α
922 4492 971 4545 Α,ι
991 4489 1101 4536 clericatu
1122 4494 1219 4535 creare(
1273 4509 1277 4517 ·
1319 4500 1351 4546 tp.
1371 4487 1404 4533 lis

424 4564 472 4610 drtl
485 4586 510 4598 -
523 4561 631 4623 personis
647 4561 722 4609 deest.
