3262 5226
473 289 662 360 'sonnnnrs
678 307 827 360 wicun
985 286 1157 381 [carun.

126 463 289 529 tordicitur
303 465 388 528 enim
405 463 492 549 quod
508 462 590 525 alius
611 477 657 525 est
672 483 763 526 antor
779 465 827 526 vel
843 463 974 527 affeccio
990 467 1155 546 naturalis,
1167 479 1267 536 ,ωε
1366 521 1373 559 ,ι

115 581 162 626 art·
140 568 262 678 quali
285 567 435 633 Christus
459 567 561 631 voluit
583 569 688 631 vivere
712 581 743 630 et
768 588 831 631 non
856 570 949 649 moti,
973 588 1047 631 cum
1073 571 1190 633 Mat·
1368 563 1373 590 '

115 685 143 729 ιι
140 634 238 738 ''thei
260 672 382 736 XXVl⁰
405 671 497 734 dicit:
526 668 770 755 Verumptarnen
793 690 857 734 non
880 673 963 736 sieut
983 692 1047 757 ego
1071 675 1154 752 volo,

115 749 126 833 ἶ
169 776 230 840 sed
258 776 341 840 sicut
371 785 407 838 tu
438 775 495 839 ris.
531 775 570 838 Et
605 776 658 839 tali
691 774 861 839 affeccione
885 776 1021 838 naturali
1051 778 1154 841 doluit

171 894 273 943 mater
309 881 378 944 eius
410 900 469 965 pro
500 892 603 942 morte
637 878 693 942 lilii
728 880 893 944 naturalis
925 880 991 943 Nec
1023 880 1180 952 evidenss

171 985 260 1067 quod
292 983 324 1047 in
358 983 421 1046 hoc
453 982 605 1067 peccavit,
641 983 723 1046 sicut
751 1003 809 1047 nec
833 982 993 1064 Christus,
1022 986 1154 1070 quando

168 1109 228 1172 pro
251 1088 374 1153 Lazaro
396 1087 545 1172 ploravit.
579 1087 648 1151 ntia
673 1101 781 1151 autem
805 1103 855 1173 est
880 1088 1009 1153 affectio
1037 1092 1154 1154 delibe⁴

169 1192 268 1257 sativa
302 1212 366 1277 qua
401 1213 466 1256 non
499 1204 546 1256 est
573 1192 748 1255 dolendum
778 1192 832 1256 sed
872 1195 1080 1276 gaudendum
1113 1196 1153 1258 de

169 1297 326 1361 mortibus
352 1296 637 1382 propinquorum.
687 1295 741 1361 stc
779 1297 865 1361 eninr
903 1295 1064 1378 Christus,
1108 1300 1153 1363 sie

169 1402 288 1466 Paulus
324 1416 355 1466 et
393 1401 488 1466 ceteri
522 1402 667 1466 martires
702 1402 887 1486 gaudebant
924 1402 964 1465 de
1001 1423 1085 1488 pena
1121 1419 1196 1470 etro

168 1519 271 1570 morte
309 1505 448 1591 propria,
480 1520 512 1571 et
547 1506 592 1570 sic
629 1519 759 1592 oportet
795 1525 926 1569 omnem
963 1507 1151 1571 salvandum

167 1611 316 1693 gaudere.
355 1611 432 1675 ldeo
471 1607 687 1674 necessarium
725 1624 774 1676 est
810 1610 991 1675 christianis
1030 1612 1152 1676 discere

167 1716 335 1799 quomodo
358 1716 477 1778 debent
500 1715 599 1796 mori;
615 1716 748 1800 quando
772 1735 848 1799 ergo
871 1716 944 1800 quis
968 1715 1040 1799 plus
1065 1716 1152 1781 dolet
1204 1772 1207 1777 .

166 1834 298 1905 propter
329 1819 536 1883 emissionem
566 1819 641 1884 boni
670 1820 757 1884 utilis
781 1821 829 1883 vel
854 1821 929 1883 boni
954 1820 1151 1886 delectabilis

167 1923 374 2009 temporalis
366 1946 397 1986 ιιι
411 1939 514 1988 morte
530 1924 668 2009 proximi
682 1913 782 2009 quam
796 1904 931 2010 propter
945 1924 1151 1990 amissionem
1165 1942 1193 1994 ι5

166 2030 243 2092 boni
275 2029 370 2103 utilis
385 2030 491 2093 anime
514 2029 657 2093 defuncti
681 2042 712 2093 et
736 2029 883 2094 utilitatis
908 2030 1050 2113 ecclesie,
1074 2046 1150 2096 tunc

166 2150 276 2218 peccat
299 2134 432 2198 indubie
453 2135 525 2219 plus
548 2135 597 2198 vel
621 2134 739 2216 minus,
763 2136 845 2199 sicut
869 2136 921 2215 ille
944 2150 1055 2219 peccat
1078 2158 1149 2220 gra·

167 2240 237 2302 vius
260 2238 316 2323 qui
338 2252 472 2323 propter
493 2238 698 2302 amissionem
722 2239 841 2303 amoris
863 2260 960 2324 quem
985 2240 1082 2305 habet
1110 2243 1150 2304 ad

116 2364 141 2410 et
166 2343 310 2406 seculum
353 2344 441 2408 dolet
479 2344 518 2406 de
553 2356 655 2407 morte
687 2334 827 2428 propris
861 2345 903 2408 Et
940 2359 1029 2428 patet
1060 2347 1149 2430 quod

114 2431 144 2528 'ny
167 2449 321 2513 debemus
366 2449 544 2512 secundum
591 2448 752 2512 racionem
798 2470 949 2533 superare
990 2449 1193 2534 impetumro

165 2554 271 2617 anime
303 2553 492 2632 naturalem,
525 2552 609 2633 sicut
645 2567 695 2617 est
730 2553 809 2616 mihi
845 2554 1018 2618 verisimile
1061 2556 1149 2639 quod

167 2671 267 2723 mater
294 2658 417 2721 domini
446 2657 604 2740 mitigavit
633 2677 670 2721 ex
695 2658 831 2741 integro,
856 2672 888 2722 et
911 2657 1061 2724 Christus
1085 2680 1149 2724 non

166 2761 283 2826 directe
312 2763 453 2852 ploranit
481 2783 540 2847 pro
564 2777 667 2826 morte
692 2763 803 2826 Lazari
826 2783 924 2847 quent
948 2765 1150 2828 necessitavit

167 2867 206 2929 ad
244 2868 378 2950 gloriam
422 2854 512 2931 suam
549 2868 642 2943 mori,
681 2867 736 2930 sed
775 2867 876 2930 doluit
914 2887 974 2951 pro
1017 2885 1150 2953 peccato

172 2971 302 3033 humani
327 2974 461 3054 generis,
486 2991 632 3056 proquo
660 2972 805 3054 oportuit
839 2973 912 3036 talia
941 2987 971 3036 et
1000 2987 1048 3036 tot
1073 2976 1193 3057 patiri

174 3075 266 3140 Unde
289 3098 326 3139 ex
350 3076 483 3140 concilio
506 3076 666 3139 Toletano
692 3075 757 3151 Qui
775 3075 880 3140 divina
909 3079 953 3141 sic
985 3079 1149 3142 scribitur:

164 3181 311 3244 Prohibet
334 3202 391 3245 nos
414 3192 545 3244 sanctus
568 3182 741 3263 Apostolus
766 3180 891 3245 dicens:
912 3182 963 3246 De
987 3182 1147 3246 dormien-

164 3287 248 3350 tibus
280 3287 354 3348 nolo
387 3305 442 3350 vos
476 3286 662 3350 contristari
693 3287 775 3349 sicut
798 3296 827 3348 et
849 3288 948 3350 ceteri
973 3289 1031 3371 qui
1056 3308 1145 3371 spem

165 3412 228 3454 non
251 3392 375 3455 habent.
391 3390 442 3452 'Et
457 3391 604 3454 dontinus
625 3389 696 3453 Joli.
716 3390 783 3451 XI⁰
800 3411 862 3454 non
876 3392 970 3473 flevit
987 3393 1147 3477 Lazarum

165 3505 338 3575 mortuum,
372 3497 430 3558 sed
456 3497 500 3557 ad
527 3497 621 3559 liuius
646 3497 706 3558 vite
733 3516 910 3579 erumpnas
932 3498 1079 3579 ploravit
1097 3519 1147 3561 re·
1159 3510 1191 3561 30

163 3601 395 3663 suscitandum.
422 3599 458 3662 Si
477 3610 583 3663 autem
601 3610 707 3683 potest
729 3601 788 3664 boc
810 3602 977 3685 episcopus
1001 3605 1147 3667 omnibus

164 3706 348 3769 christianis
353 3705 549 3794 prohibere,
574 3724 636 3769 non
663 3716 816 3770 moretur.
1136 3717 1138 3723 '

203 3941 219 3973 ι.
234 3931 268 3973 Αι
283 3929 347 3986 quod
363 3928 455 3987 aliquis.
546 3940 572 3973 n.
586 3931 620 3974 Αι
635 3936 658 3974 et
672 3930 740 3974 eleut.
755 3916 759 3922 ⁵
828 3938 861 3972 aa.
876 3931 897 3973 Α
913 3929 929 3972 Β
944 3928 968 3973 ln
983 3940 1072 3985 maten
1087 3928 1148 3975 Nota

164 3999 193 4042 de
208 3997 261 4043 deta
277 3998 376 4045 Chrlstl.
485 3998 517 4044 2³.
533 4008 569 4052 24.
583 3998 617 4043 Αι
633 3998 753 4043 nunciavit
766 3999 795 4043 sd
810 3999 918 4054 gloriam.
1034 3995 1063 4042 lt.
1080 4010 1149 4055 agere

165 4080 212 4113 non
227 4078 333 4115 moretur
346 4069 371 4114 la
386 4068 475 4115 decret.
1049 4103 1054 4107 -

208 4245 249 4299 26.
268 4249 355 4300 Ctuse
371 4248 438 4314 xm,
455 4263 481 4317 q.
500 4247 531 4312 11,
549 4263 605 4314 erp.
624 4246 737 4301 xxvut
