3262 5226
394 588 465 637 ene.
475 571 551 666 vin]
778 594 825 649 ou
843 592 1022 648 Eoctsssts.

282 763 451 826 uantur
487 755 581 816 iustu
623 751 836 835 apostolicum
868 762 1076 836 preceptum:
1111 750 1205 815 Alter
1241 753 1386 817 alterurn

395 857 587 920 existimans
614 859 832 939 superiorem.
864 857 905 921 Et
935 856 993 920 hec
1014 854 1099 919 rscio
1122 853 1173 942 (ut
1194 868 1316 920 tactum
1338 871 1390 922 est

395 960 567 1047 superius),
601 980 698 1045 quare
730 962 873 1025 membra
904 960 1034 1025 ecclesie
1063 974 1095 1025 et
1120 960 1235 1045 gmdus
1265 959 1388 1046 quibus

395 1065 483 1128 Deus
505 1064 592 1149 ipsos
613 1063 715 1149 diligit
736 1079 812 1130 sunt
835 1065 927 1129 nobis
947 1064 1140 1129 sbsconditn

364 1191 386 1243 d
440 1169 568 1246 Qusrto
599 1169 778 1232 notandum
812 1170 901 1254 quod
937 1168 1081 1235 Christus
1107 1168 1219 1234 videns
1243 1169 1388 1234 alienum
1414 1184 1523 1231 cruri-m
1536 1193 1600 1248 rreu-

396 1273 544 1357 spiritum
577 1272 610 1336 in
640 1273 791 1336 cordibus
822 1273 933 1357 templi
963 1273 1025 1355 sui,
1052 1294 1117 1337 non
1141 1293 1229 1337 more
1250 1275 1387 1360 conqui·
1409 1239 1544 1388 effigiieii
1553 1239 1600 1336 'll

395 1377 540 1442 rencium
572 1391 673 1442 csstrs
694 1399 752 1442 sus
775 1379 962 1463 corporalis,
989 1378 1124 1463 disrupit
1150 1401 1260 1445 muros
1281 1379 1388 1463 castri,
1484 1343 1556 1389 Μ

396 1485 452 1547 sed
479 1482 608 1546 hostem
633 1481 755 1565 expulit
781 1482 922 1547 alliciens
944 1504 1000 1548 eos
1020 1484 1061 1547 sd
1082 1483 1296 1548 humilitatem
1321 1505 1389 1570 qus

397 1587 525 1672 ipsimet
543 1601 694 1673 superent
716 1602 890 1673 tyrannum
912 1587 968 1674 qui
989 1609 1045 1653 eos
1059 1588 1193 1673 turpiter
1214 1588 1387 1673 superavit.

359 1710 387 1763 n
440 1692 587 1765 Potestis,
609 1691 723 1777 inquit,
746 1692 855 1756 bibere
877 1693 1010 1757 calicem
1033 1713 1126 1777 quem
1149 1713 1211 1779 ego
1226 1693 1389 1758 bibiturus

395 1797 497 1860 sum?
518 1797 566 1860 Ex
581 1815 645 1881 qus
659 1795 913 1879 interrogacione
928 1797 1087 1861 mulcente
1101 1797 1263 1877 docemur,
1279 1796 1388 1883 primo

396 1903 487 1986 quod
524 1915 652 1986 oportet
687 1901 855 1965 victoriam
887 1923 955 1965 esse
988 1901 1209 1983 voluntariam,
1240 1901 1266 1965 si
1293 1903 1390 1968 debet

396 2028 464 2070 esse
496 2005 668 2087 meritoris,
700 2006 773 2069 ideo
802 2006 908 2093 querit
929 2006 1073 2071 Christus
1100 2007 1140 2071 sb
1166 2005 1211 2070 eis
1233 2007 1390 2090 modeste,

396 2112 422 2174 si
446 2125 581 2195 possunt
603 2110 668 2196 pati
691 2111 870 2176 voluntarie
892 2112 990 2176 instsr
1011 2113 1070 2176 sui.
1093 2112 1241 2176 Secundo
1268 2112 1390 2176 docen-

356 2232 450 2284 r5tur
480 2217 575 2281 ceteri
597 2217 734 2301 apostoli
759 2236 826 2279 non
849 2216 1003 2302 indignari
1026 2231 1136 2281 contra
1158 2217 1241 2281 duos
1263 2215 1387 2298 frstres,

397 2343 473 2387 cum
494 2321 646 2386 dominus
660 2342 785 2404 eorum,
808 2337 919 2387 contra
941 2343 1038 2407 quem
1061 2321 1273 2408 principaliter
1293 2341 1389 2385 usur·

397 2442 472 2509 pate
494 2425 555 2490 luit
577 2425 700 2508 iniuria,
724 2441 790 2491 tam
806 2428 926 2491 urbane
941 2426 1058 2511 optulit
1079 2426 1123 2490 eis
1143 2426 1228 2490 idem
1243 2425 1390 2490 medium

397 2552 464 2616 quo
499 2531 566 2615 ipse
593 2531 709 2596 meruit
731 2532 930 2617 dignitatem.
960 2531 1076 2597 Tercio
1097 2532 1252 2595 docentur
1273 2550 1391 2595 omncs

398 2635 558 2701 christiani
581 2637 669 2721 quod
693 2636 758 2720 pati
780 2652 913 2721 propter
934 2636 1092 2700 iusticiam
1113 2636 1153 2701 sit
1175 2635 1391 2701 necessarium

354 2768 387 2804 20
399 2740 529 2804 cuilibet
563 2740 679 2804 volenti
713 2740 856 2804 beatifice
878 2740 1036 2825 premisri,
1067 2760 1142 2804 cum
1165 2740 1316 2804 dominus
1339 2739 1389 2804 in·

397 2844 489 2908 cessit
524 2865 580 2928 per
607 2865 775 2908 summum
797 2845 932 2928 gradum
954 2843 1037 2908 illius
1060 2844 1172 2927 medii;
1199 2844 1272 2908 ideo
1294 2859 1390 2909 vocnt

397 2948 544 3013 Christus
567 2949 628 3012 hoc
652 2948 852 3033 singulariter
872 2970 968 3013 suum
991 2949 1131 3013 calicem.

368 3078 387 3120 e
441 3054 566 3131 Quinto
602 3054 755 3116 docemur
791 3055 960 3137 quomodo
997 3053 1142 3118 Christus
1179 3073 1244 3116 non
1282 3068 1389 3137 potest
1399 3074 1440 3121 tte
1451 3077 1600 3124 rumim

397 3157 462 3220 suis
487 3155 618 3221 delicere
642 3157 673 3221 in
698 3159 905 3222 concedendo
921 3158 1091 3242 privilegiu,
1112 3173 1143 3222 et
1158 3173 1391 3242 consequenter
1423 3131 1590 3235 ‚iiiiiiririi

355 3277 386 3328 25
399 3264 578 3326 mercedem
616 3284 654 3325 ex
691 3284 805 3327 eorum
843 3283 904 3327 usu
941 3278 1137 3348 sequentem,
1174 3283 1248 3326 cum
1280 3262 1390 3326 statim
1409 3236 1470 3332 rili
1497 3236 1600 3344 wei

398 3382 471 3451 post
509 3366 664 3430 humilem
703 3387 897 3431 consensum
935 3367 1107 3431 fraternum
1138 3387 1206 3453 quo
1240 3366 1389 3430 dixerunt

392 3492 581 3554 possumus,
610 3471 717 3535 statim
742 3472 914 3537 concessit:
947 3474 1081 3537 calicem
1119 3472 1246 3559 quidem
1280 3491 1389 3536 meum

329 3592 387 3641 152·
397 3576 520 3656 bibetis,
545 3576 598 3638 ubi
622 3597 687 3639 non
706 3575 813 3667 *licet
841 3574 925 3639 fideli
945 3577 1103 3661 ambigere
1126 3577 1204 3663 quin
1231 3577 1390 3641 concessit

397 3679 525 3742 duobus
558 3679 703 3743 frutribus
734 3701 818 3764 quos
855 3680 943 3764 prius
974 3680 1157 3764 gratificavit
1188 3680 1390 3766 privilegium

355 3799 388 3851 30
400 3783 569 3867 singulare.
612 3784 644 3847 Si
686 3786 771 3848 enim
814 3785 927 3849 terreni
964 3799 1067 3869 patres
1110 3798 1264 3849 noverunt
1302 3785 1391 3849 bons

398 3889 471 3949 datu
503 3889 577 3951 dare
600 3886 670 3950 liliis
692 3888 769 3969 suis,
804 3903 925 3973 quanto
952 3890 1024 3972 plus
1045 3904 1139 3973 pater
1161 3890 1281 3974 primus
1313 3906 1390 3973 post

398 4006 465 4054 tam
497 3991 670 4075 gloriosum
705 3992 872 4055 victoriam
912 4015 1007 4078 quum
1044 4014 1101 4076 per
1136 3994 1214 4057 ulios
1246 3994 1319 4058 lecit
1355 3995 1389 4059 in

398 4096 574 4180 principem
611 4096 704 4159 huius
737 4092 869 4159 mundi?
915 4099 978 4160 l.ex
1017 4119 1091 4182 ergo
1131 4098 1252 4183 privata
1289 4119 1389 4183 quern

398 4201 546 4285 princeps
584 4200 679 4284 pacis,
722 4215 753 4265 et
790 4222 847 4284 per
884 4222 1081 4286 consequens
1118 4203 1222 4267 tocius
1258 4204 1390 4269 ecclesie

357 4305 554 4369 35concessit
586 4305 645 4368 hiis
678 4305 824 4369 fratribus
847 4307 886 4367 ud
917 4307 1126 4370 commodum
1149 4294 1261 4373 eorum
1289 4309 1388 4372 maxi·

438 4539 462 4584 9.
476 4528 499 4570 Α
513 4525 667 4583 Α,;ιιιψίιεῐ
689 4535 809 4585 superent.
916 4528 951 4573 2⁶.
974 4529 998 4574 Α
1015 4531 1059 4584 m:
1082 4541 1214 4575 nussum
1303 4512 1306 4517 ⁵
