3262 5226
419 433 560 548 mett-I
802 473 1046 528 oeeccuesrn

305 650 332 704 Β
351 646 410 703 138·
416 653 513 719 gene,
531 642 765 715 persequentes
781 630 913 707 ludens,
942 631 1054 713 quinto
1082 633 1250 695 conuersis
1274 632 1409 716 quibus·

418 737 494 801 dem
516 738 668 822 gentibus
691 735 738 799 ael
750 733 913 800 Ueristurn
935 745 1156 799 surrexerunt
1172 734 1298 820 perfidi
1311 733 1411 802 iudei

415 861 550 927 genere,
560 843 715 905 martires
725 851 958 924 persequentes
969 839 1173 916 christianos,
1190 850 1306 923 etpost
1320 842 1412 925 ipsos

415 958 510 1011 sexto
531 956 752 1011 surrexerunt
772 945 907 1009 heretici
927 944 1059 1028 quidem
1081 945 1221 1028 gentiles
1242 946 1276 1010 in
1295 944 1410 1011 eodem

392 1063 406 1117 5
415 1070 549 1137 genere,
568 1051 725 1114 martires
741 1059 995 1133 persequentes,·
1003 1050 1137 1132 septimo
1153 1051 1412 1116 insurrexerunt

418 1155 561 1236 heretici,
571 1154 740 1219 ecelesiam
752 1163 998 1239 persequentes,
1014 1164 1132 1219 octauo
1145 1155 1286 1240 gentiles
1299 1154 1412 1239 quood

417 1260 579 1324 modicum
603 1257 748 1332 uniendi,
778 1260 834 1342 qui
855 1259 929 1322 licet
950 1263 1018 1324 sint
1039 1261 1264 1324 nominetenus
1286 1261 1410 1338 clerici,

416 1376 524 1429 tomen
547 1373 623 1428 sunt
645 1362 800 1447 discipuli
817 1365 1019 1447 Antichristi.
1042 1363 1131 1430 Sicut
1152 1384 1229 1450 ergo
1251 1384 1289 1428 ex
1303 1364 1410 1429 omni·
1491 1419 1493 1422 ,

417 1471 477 1534 bus
500 1469 567 1532 istis
589 1466 625 1531 fit
651 1487 716 1530 una
737 1467 903 1553 generacio
927 1469 1035 1553 quoed
1058 1489 1174 1551 mores,
1204 1467 1250 1533 sic
1272 1481 1319 1533 est
1340 1488 1408 1532 une
1433 1485 1487 1532 ene
1501 1497 1532 1531 ee
1546 1485 1582 1531 1ο
1595 1484 1627 1532 ιιι

379 1601 410 1637 ιο
417 1572 585 1660 generacio
607 1573 778 1654 iustorum,
801 1573 975 1638 succedens
998 1593 1074 1637 cum
1090 1572 1149 1638 ista
1168 1592 1269 1659 quam
1282 1588 1412 1661 oportet
1432 1539 1477 1585 ὼ
1492 1538 1628 1596 'mm

417 1680 635 1766 prosperando
657 1678 838 1762 procedere.
862 1678 903 1743 Et
925 1677 984 1743 iste
1006 1679 1070 1743 due
1089 1677 1313 1765 generationes
1335 1696 1412 1748 sunt

418 1787 482 1850 due
503 1781 644 1848 civitates
667 1783 805 1846 secunde
827 1782 957 1847 ecclesie
976 1783 1027 1846 vel
1049 1783 1116 1847 duo
1131 1804 1276 1868 corpore,
1292 1785 1410 1852 Christi

420 1904 451 1955 et
466 1887 667 1969 Antichristi;
691 1907 754 1972 que
769 1888 980 1973 Augustinus,
1004 1887 1176 1974 Gregorius
1199 1901 1231 1953 et
1246 1888 1297 1952 ulii
1312 1890 1413 1956 suncti

419 2016 457 2059 ex
486 1993 548 2057 fide
576 1992 730 2077 scripture
756 2006 884 2077 ponunt
906 1991 1115 2058 concorditer.
1139 1995 1205 2059 Nec
1228 1993 1318 2059 aliter
1339 2015 1413 2060 vere

380 2104 409 2158 15
420 2099 614 2183 exprimetur
636 2118 748 2161 sensus
762 2097 892 2182 spiritus
907 2097 1007 2161 suncti
1022 2097 1063 2162 de
1077 2099 1286 2182 genemcione
1300 2099 1413 2165 huius·

420 2203 511 2268 modi
541 2223 599 2266 nec
627 2204 667 2267 de
695 2203 868 2267 duracione
890 2202 1044 2267 ordinum
1066 2203 1117 2266 vel
1138 2203 1267 2269 ulterius
1288 2224 1412 2271 succes·

420 2310 491 2372 sim.
524 2309 618 2373 Unde
646 2307 771 2372 videtur
803 2306 899 2372 nimis
920 2322 1107 2393 suspectum
1129 2309 1264 2375 verbum
1285 2311 1413 2376 moder·

422 2432 539 2477 norum
561 2412 663 2476 dicere
685 2413 776 2498 quod
803 2413 879 2478 dicti
901 2411 1000 2476 sancti
1024 2427 1112 2477 erent
1134 2413 1234 2499 ignari
1256 2413 1360 2499 logice
1381 2429 1415 2482 et

420 2530 588 2603 sequentes
610 2517 799 2602 scripturam
822 2517 1003 2582 inciderunt
1024 2516 1058 2581 in
1079 2517 1204 2584 hereses
1219 2519 1413 2586 manifestes.

348 2643 411 2696 0³
465 2621 722 2689 Tercioobicitur
732 2624 855 2708 perhoc
864 2624 964 2709 quod,
973 2624 1055 2687 sicut
1064 2623 1414 2689 institucionehumans
1441 2653 1622 2713 gorm,

421 2728 627 2813 preficiuntur
638 2749 738 2814 reges,
747 2728 871 2792 domini
882 2728 1037 2793 seculares
1049 2743 1080 2793 et
1091 2729 1142 2792 alii
1152 2727 1295 2793 officiarii
1306 2732 1414 2816 quoad
1440 2707 1626 2819 ²30¹⁸ffi¹ffi

421 2834 576 2916 seculum,
591 2833 634 2897 sic
652 2848 683 2898 et
698 2834 799 2897 clerici
810 2833 1050 2898 constituuntur
1058 2833 1263 2899 ordinacione
1271 2835 1413 2899 humens
1421 2812 1562 2911 .ἶέρὲξό

420 2953 525 3023 partes
541 2938 680 3004 ecclesie.
705 2938 842 3024 Oportet
858 2959 933 3024 ergo
949 2959 1075 3003 sumere
1089 2939 1253 3003 ecclesiam
1267 2939 1300 3003 in
1315 2916 1452 3025 signi-⁰¹
1470 2917 1512 2963 ‘¹²‘
1534 2917 1583 2965 α’
1607 2941 1617 2951 ”

421 3043 573 3108 ficecione
595 3044 727 3129 vulgari,
755 3045 960 3108 concedendo
988 3043 1077 3129 quod
1105 3042 1338 3128 predestinatus
1360 3064 1413 3108 ex·

380 3167 411 3221 25
421 3149 676 3213 communicatus
706 3149 743 3214 fit
772 3171 837 3212 non
872 3150 1055 3213 membrum
1088 3148 1228 3230 ecclesie,
1260 3147 1414 3233 prescitus

421 3269 531 3317 eutem
545 3253 578 3316 in
593 3254 697 3338 grecie
712 3268 760 3319 est
769 3275 881 3318 verum
895 3254 1078 3317 membrum
1090 3252 1229 3335 ecclesie,
1238 3252 1314 3338 quin
1325 3252 1417 3318 aliter

422 3379 519 3423 nemo
539 3372 712 3424 assumeret
729 3360 787 3422 sibi
809 3379 926 3423 nomen
947 3357 1146 3423 ecclesiastici
1166 3377 1224 3421 nec
1243 3356 1415 3443 quisquam

352 3464 561 3532 138⁸crederet
583 3485 643 3528 suo
665 3463 834 3549 proposito
857 3463 889 3527 in
912 3477 1072 3547 quantum
1093 3461 1291 3547 huiusmodi.
1313 3456 1334 3498 ⁸

466 3568 528 3632 Hic
549 3567 663 3632 dicitur
687 3567 738 3656 (ut
760 3571 869 3653 supra)
890 3570 980 3653 quod
1003 3567 1132 3632 ecclesie
1162 3566 1278 3631 dicitur
1305 3565 1412 3650 dupli·
1471 3598 1594 3647 Annum

380 3671 507 3754 sociter,
539 3673 655 3738 scilicet
687 3695 759 3739 vere
790 3662 1007 3758 et'pretense.
1042 3674 1133 3754 Vere,
1160 3671 1250 3756 quod
1272 3683 1319 3734 est
1340 3649 1574 3802 mmmm

421 3797 537 3862 corpus
561 3777 678 3843 Christi
701 3793 733 3843 et
755 3799 873 3863 sponse
895 3779 978 3861 eius;
1001 3791 1155 3862 presense,
1178 3778 1269 3861 quod
1289 3764 1431 3839 viantes*
1449 3758 1595 3858 ⁸:¹⁸2,ss
1608 3780 1620 3795 ''

421 3895 572 3967 reputant
604 3903 721 3968 corpus
754 3883 883 3966 Christi,
913 3884 988 3949 licet
1017 3881 1060 3947 sit
1087 3881 1239 3967 sinagoga
1269 3879 1411 3950 setheus.
1517 3864 1587 3911 ω’

423 4117 427 4124 -
464 4086 524 4133 1111
546 4098 631 4145 genere
650 4084 758 4131 martires
781 4085 855 4131 deest.
942 4099 966 4140 ῳ
981 4084 1012 4131 or
1031 4084 1126 4131 heretici
1144 4084 1219 4132 deese
1305 4083 1414 4145 &ms

422 4156 501 4217 quoad
521 4156 628 4203 modum.
759 4155 781 4200 8.
796 4157 831 4200 A:
854 4166 909 4200 cum
930 4161 992 4202 sunt.
1126 4166 1158 4212 ¹7·
1178 4155 1254 4212 AAn
1276 4155 1413 4202 verborum.

421 4229 455 4274 11.
468 4228 504 4273 As
518 4238 645 4272 summere
726 4224 759 4272 15.
773 4225 804 4270 lle
819 4224 850 4270 slt
865 4237 921 4270 non.
1002 4236 1039 4284 19.
1054 4223 1071 4269 ll
1085 4223 1109 4269 11
1124 4235 1213 4281 meran
1226 4223 1369 4284 Responsio.
1381 4222 1415 4271 lb·

422 4331 513 4390 Duplex
527 4332 557 4377 dc
570 4330 675 4377 ecclesie.
730 4327 765 4375 lo.
775 4331 798 4375 Α
807 4329 832 4375 ln
846 4342 934 4389 merga
949 4327 1104 4386 Ecclesia<
1116 4305 1229 4422 gam
1259 4325 1415 4386 <Abosstlb⁸

423 4435 522 4482 without
535 4436 601 4482 morl
614 4434 643 4482 ol
653 4432 790 4490 reference).
